2400 3840
262 231 265 238 -
379 199 645 262 PANEGYRIGUS
664 210 708 266 37.
722 212 765 267 38.
778 211 823 266 39.
1040 205 1104 271 uel

100 351 207 421 scindi;
222 350 328 411 nullum
344 354 412 412 tanti
427 371 494 413 esse
509 352 633 430 vectigal
649 353 725 432 quod
739 353 847 416 liberos
862 373 897 415 ac
912 368 1045 435 parentes
1062 359 1103 419 la·

101 444 181 497 aeret
201 443 361 495 extraneos.
395 434 538 497 Hactenus
560 436 625 497 ille:
648 438 761 514 parcius
775 437 897 500 fortasse
912 458 995 519 quam
1009 440 1104 503 decuit
1113 439 1155 503 38

102 520 236 599 optimum
250 520 424 598 principem,
452 520 582 581 sednon
602 521 715 599 parcius
735 539 816 600 quam
836 524 970 600 optimum
982 533 1102 603 patrem,

101 604 148 682 qui
161 604 509 681 oprimomadoptaturus,
526 603 582 664 boe
597 621 712 683 quoque
727 607 852 681 parentis
866 603 1103 684 indulgentissimi

74 687 186 764 eiecit,
212 686 289 765 qnod
308 686 451 748 delibasse
472 687 609 766 quaedam
624 706 676 748 seu
692 689 788 765 potius
806 688 1018 751 demonstrasse
1035 709 1103 753 con·

99 779 211 846 tentus,
234 769 340 848 largam
355 789 389 831 ac
403 789 496 850 prope
510 774 641 832 intactam
656 770 870 832 benefaciendi
886 775 1030 833 materiam
1044 775 1103 834 lilio

99 855 266 915 reservavit.
302 855 401 915 Statim
418 872 489 932 ergo
507 856 615 915 muneri
638 855 701 916 eius
721 855 878 916 liberalitas
898 864 945 915 tua
966 855 1103 918 adstruxit

100 947 139 1014 ut,
155 938 387 1016 quemadmodum
400 940 428 998 in
438 941 527 1018 patris
538 938 623 1017 lilius,
635 940 677 1000 sic
689 940 718 999 in
729 939 887 999 hereditate
899 938 949 998 ilii
960 949 1043 1018 pater
1053 959 1102 1001 es·

100 1031 145 1082 set
159 1024 295 1101 inmunis,
311 1042 366 1084 nec
380 1023 483 1084 eodem
499 1032 640 1084 momento
657 1040 715 1101 quo
729 1033 812 1102 pater
827 1040 895 1084 esse
909 1022 1032 1084 desisset
1047 1024 1103 1085 boc

59 1112 91 1164 lo
101 1123 216 1184 quoque
231 1109 372 1168 amitteret
387 1106 463 1186 quod
479 1106 592 1170 luisset.
623 1105 769 1185 Egregie,
790 1105 913 1184 Caesar,
930 1107 1005 1186 quod
1020 1107 1103 1168 lacri-

99 1207 158 1249 mas
174 1198 321 1267 parentum
334 1189 493 1270 vectigales
510 1209 577 1252 esse
591 1209 648 1251 non
659 1192 776 1270 pateris.
795 1190 873 1251 bona
887 1189 937 1250 lilii
948 1201 1030 1269 pater
1042 1193 1103 1252 sine

100 1271 290 1333 deminutione
306 1276 468 1353 possideat,
484 1292 540 1334 nec
554 1277 664 1334 socium
676 1273 842 1335 hereditatis
854 1276 977 1351 accipiat
988 1277 1036 1353 qui
1047 1292 1104 1334 non

99 1355 185 1416 habet
202 1353 313 1417 luctus:
328 1374 412 1417 nemo
426 1364 573 1416 recentem
587 1366 616 1418 et
629 1359 773 1418 attonitam
788 1357 938 1417 orbitatem
952 1356 987 1416 ad
997 1375 1103 1436 conpu-

99 1441 235 1500 tationem
254 1449 342 1501 vocet
367 1448 510 1518 cogatque
531 1449 640 1518 patrem
661 1438 729 1518 quid
753 1438 900 1518 reliquerit
922 1438 995 1501 filius
1016 1442 1104 1501 scire.

19 1593 24 1602 ⁸
57 1526 90 1578 15
98 1524 220 1601 Augeo,
237 1532 334 1602 patres
347 1524 519 1600 conscripti,
535 1523 672 1602 principis
684 1540 801 1601 munus,
818 1541 882 1583 cum
899 1522 1019 1583 ostendo
1032 1521 1104 1584 libe-

98 1607 201 1667 ralitati
215 1609 277 1668 eius
292 1610 390 1668 inesse
406 1608 553 1667 rationem.
576 1605 699 1667 Ambitio
714 1607 829 1666 enimet
844 1607 973 1666 iactantia
988 1616 1018 1666 et
1032 1607 1103 1668 ellu-

99 1693 143 1751 sio
159 1702 188 1751 et
206 1691 316 1770 quidvis
331 1692 427 1771 potius
442 1708 524 1771 quam
538 1689 694 1751 liberalitas
710 1689 894 1751 existimanda
911 1698 956 1751 est
971 1692 1016 1751 cui
1030 1693 1102 1751 ratio

98 1791 154 1834 non
166 1785 285 1836 constat.
292 1775 417 1854 Dignum
426 1793 509 1853 ergo,
522 1777 686 1856 imperator,
696 1773 909 1835 mansuetudine
919 1784 967 1835 tua
976 1775 1103 1835 minuere

99 1858 226 1919 orbitatis
247 1861 360 1921 iniurias
380 1879 436 1920 nec
458 1861 516 1938 pati
533 1876 702 1939 quemquam
721 1859 780 1919 lilio
799 1859 905 1919 amisso
919 1859 1038 1938 iusuper
1055 1857 1102 1918 ad·
1168 1910 1176 1927 ,

55 1948 90 1998 20
100 1941 146 2000 suoi
162 1942 217 2002 alio
234 1941 343 2005 dolore.
372 1944 421 2004 Sic
436 1959 552 2022 quoque
566 1941 677 2003 abunde
690 1937 793 2002 miser'a
807 1961 855 2002 res
869 1951 933 2018 est,
948 1951 1030 2020 pater
1044 1940 1102 2001 lilio

98 2024 178 2085 solus
188 2025 290 2087 heres:
303 2026 405 2104 quidsi
417 2026 588 2087 coheredem
600 2043 656 2085 non
668 2044 685 2086 a
695 2024 752 2085 lilio
764 2023 906 2105 accipiat?
919 2024 1002 2084 Adde
1014 2024 1101 2103 quod,

100 2126 163 2168 cum
180 2107 261 2168 divus
275 2109 371 2169 Nerva
387 2111 529 2171 sanxisset
543 2118 574 2169 ut
592 2110 621 2168 in
635 2110 760 2187 paternis
775 2109 857 2169 bonis
872 2107 955 2168 liberi
973 2109 1102 2168 necessi·

99 2201 156 2252 tate
172 2193 328 2253 vicesimae
343 2192 541 2271 solverentur,
567 2210 729 2270 congruens
745 2201 804 2252 erat
822 2190 941 2252 eandem
955 2192 1102 2252 inmunita-

97 2285 156 2336 tem
175 2286 310 2355 parentes
329 2277 358 2336 in
377 2275 530 2336 liberorum
544 2277 627 2338 bonis
641 2276 781 2337 obtinere.
816 2272 875 2335 Gur
889 2276 963 2334 enim
976 2276 1102 2352 posteris

55 2371 89 2422 25
99 2359 217 2439 amplior
227 2360 319 2420 bonor
329 2378 413 2439 quam
422 2361 575 2421 maioribus
585 2356 759 2420 baberetur?
775 2377 862 2420 curve
873 2376 930 2418 non
940 2367 1018 2417 retro
1033 2375 1102 2436 quo·

98 2462 154 2523 que
169 2455 332 2505 recurreret
345 2447 472 2524 aequitas
485 2441 605 2505 eademi
626 2443 668 2503 Tu
682 2442 812 2522 quidem,
830 2441 952 2518 Caesar,
966 2440 1043 2501 illam
1054 2459 1103 2501 ex·

99 2528 262 2605 ceptionem
274 2531 421 2591 removisti
436 2529 572 2590 ‘simodo
588 2527 662 2588 lilius
677 2529 706 2587 in
721 2535 863 2605 potestate
875 2528 962 2605 patris
976 2525 1103 2601 luisset',

96 2610 223 2689 intuitus,
239 2614 350 2691 opinor,
365 2615 422 2673 vim
436 2613 589 2692 legemque
603 2622 730 2690 naturae,
746 2629 819 2690 quae
831 2627 947 2688 semper
959 2610 987 2669 in
998 2608 1103 2669 ditione

97 2703 245 2769 parentum
266 2714 333 2756 esse
354 2696 463 2759 liberos
483 2699 581 2772 iussit,
606 2714 661 2756 nec
678 2696 718 2755 uti
734 2697 808 2754 iuter
823 2692 953 2773 pecudes
967 2693 1011 2751 sic
1030 2694 1105 2751 inter

54 2775 229 2838 abhomines
246 2788 419 2855 potestatem
429 2789 459 2841 et
472 2781 619 2858 imperinm
630 2777 835 2838 valentioribus
847 2775 934 2834 dedit.
955 2773 1019 2834 Nec
1033 2791 1103 2835 vero
1114 2782 1155 2844 39

99 2867 248 2921 contentus
259 2862 378 2939 primum
391 2865 569 2938 cognationis
581 2860 698 2938 gradum
709 2858 864 2921 abstulisse
874 2859 1040 2936 vicesimae,
1057 2877 1104 2918 se·

100 2943 220 3003 cundum
235 2961 350 3023 quoque
367 2947 487 3022 exemit,
504 2946 635 3023 cavitque
649 2953 680 3004 ut
694 2945 723 3002 in
738 2944 846 3004 sororis
858 2941 941 3002 bonis
955 2940 1059 3019 lrater,
1074 2951 1105 3002 et

99 3035 197 3087 contra
211 3029 240 3086 in
253 3027 347 3089 fratris
362 3045 461 3103 soror,
477 3037 565 3108 utque
580 3045 649 3088 avus
663 3035 693 3087 et
705 3029 768 3088 avia
778 3027 808 3086 in
817 3027 911 3104 neptis
921 3027 1104 3104 nepotisque,

99 3121 129 3172 et
142 3111 266 3171 invicem
277 3111 318 3171 illi
333 3121 515 3173 servarentur
528 3114 665 3172 inmunes.
688 3110 727 3172 lis
742 3128 856 3190 qnoque
872 3109 974 3189 quibus
988 3127 1043 3188 per
1052 3107 1120 3170 ba·'

55 3204 88 3258 ³5
98 3197 168 3257 tium
183 3197 281 3256 civitas
298 3195 423 3259 Romana
436 3197 577 3277 patuisset
591 3195 666 3256 idem
680 3194 813 3271 indulsit,
829 3193 1017 3273 omnibusque
1031 3195 1106 3252 inter

99 3301 131 3341 se
149 3279 349 3358 cognationum
369 3282 429 3341 iura
445 3281 600 3358 commisit,
622 3278 705 3340 simul
726 3288 755 3339 et
769 3279 875 3357 pariter
890 3285 920 3338 et
931 3293 1012 3336 more
1025 3284 1104 3335 natu-

97 3383 164 3442 rae,
188 3383 260 3445 quae
276 3364 548 3444 priores-principes
564 3381 581 3424 a
600 3360 719 3440 singulis
740 3362 836 3440 rogari
850 3359 1030 3440 gestiebant,
1047 3374 1105 3419 non

99 3457 155 3510 tarn
177 3449 339 3529 praestandi
360 3449 451 3518 animo
468 3466 551 3528 quam
565 3445 696 3525 negandi.
729 3444 776 3506 Ex
791 3462 847 3526 quo
862 3442 993 3522 intellegi
1008 3450 1106 3524 potest
