2400 3840
82 187 938 272 EtisTUiARUMVro.(11.)11.(1u.)1a.(1a.)1s.(14.)
961 192 1022 256 101

425 340 490 403 ΧΠ.
565 339 602 403 11.

211 440 238 495 c.
258 439 384 493 numme
401 340 564 492 rrertrcnllo1
578 343 706 493 sdsuno
721 441 783 493 suo
799 441 825 492 s.

81 541 266 603 Recitaturus
286 543 488 605 oratiunculam
508 561 591 623 mam
606 541 754 623 publicare
770 545 869 621 cogito
885 543 1046 614 advocarit

32 625 147 706 liquos,
168 636 199 686 ut
212 644 381 705 revererer,
403 644 529 705 paucos,
550 636 580 686 ut
593 644 692 686 rerum
705 624 840 686 audirem.
871 626 942 688 Nam
953 629 1022 691 mibi

32 709 126 790 luplex
140 712 213 770 ratio
226 709 381 788 recitandi,
402 728 475 788 nna,
492 720 523 771 ut
543 709 734 772 sollieitudine
752 710 898 788 intendar,
920 711 1019 790 altera,

32 803 46 854 t
60 793 226 870 admonear,
242 793 267 854 si
281 792 349 873 quid
362 793 438 854 forte
452 812 498 855 me
512 804 545 855 ut
558 811 652 854 meum
668 792 750 853 tattit.
770 791 834 853 l'uli
849 793 925 874 quod
939 805 1048 874 peto-it
1119 868 1125 882 ,

32 894 98 956 am,
120 878 215 937 inveni
232 879 279 956 qui
293 876 361 936 multi
378 880 489 957 copiam
504 879 615 939 consilii
629 877 673 936 sui
690 877 828 937 lacerent.
860 878 927 957 lpse
939 896 1022 957 prae·

32 978 98 1022 ersa
118 960 256 1040 quaedam
273 959 446 1022 emendanda
468 961 608 1023 adnotavi.
638 958 794 1021 Emendavi
816 960 917 1021 librum
937 980 1022 1042 quem

32 1044 79 1106 sisi
93 1045 155 1104 tibi.
175 1043 321 1106 Materiam
337 1062 374 1106 en
388 1045 472 1106 titulo
490 1062 672 1124 cognosces,
694 1053 791 1106 cetera
806 1043 880 1105 liber
896 1045 1048 1125 explica-3

32 1129 68 1206 it,
85 1146 171 1208 quem
186 1129 240 1189 iam
254 1146 328 1188 nunc
346 1138 461 1207 oportet
476 1131 514 1190 ita
526 1146 719 1191 consuescere
730 1137 761 1187 ut
771 1130 832 1189 sine
844 1129 1020 1209 praelatione

32 1210 209 1291 stellessutur.
230 1211 272 1272 'lu
285 1212 372 1272 velim
387 1212 504 1293 quidde
519 1215 671 1289 universo,
687 1210 753 1291 quitl
768 1211 804 1272 de
816 1212 942 1290 partibus
957 1226 1048 1279 sen-4

32 1297 70 1355 ias
85 1296 194 1356 scribas
208 1295 284 1356 mibi.
311 1294 371 1357 llro
387 1297 461 1357 enim
474 1295 523 1357 rel
540 1297 648 1358 cautior
661 1298 690 1355 in
704 1295 875 1356 continendo
889 1296 936 1357 rel
954 1315 1021 1358 con·

32 1380 177 1440 tentiorin
197 1379 326 1459 edendo,
345 1381 370 1438 si
391 1379 448 1439 buc
466 1379 515 1440 vel
537 1378 606 1440 illuc
621 1380 775 1440 auctoritas
790 1387 837 1440 tua
852 1382 1020 1441 accesserit.

32 1461 99 1524 lale.
532 1463 534 1468 ’

411 1559 490 1620 xur.
513 1558 629 1639 [xnus

267 1658 294 1709 (l.
312 1659 438 1711 PLINIUS
457 1658 646 1710 VALERIANO
665 1658 725 1711 SUO
743 1659 772 1714 S.

79 1757 119 1822 ldt
136 1769 166 1822 tu
181 1777 266 1838 rogas
282 1769 313 1820 et
328 1778 386 1839 ego
404 1762 539 1840 promisi,
560 1762 584 1821 si
605 1779 762 1841 rogasses,
785 1762 954 1840 scripturum
974 1777 1045 1828 mel

32 1845 67 1907 dri
82 1861 168 1924 quem
188 1843 334 1904 habuisset
354 1855 487 1907 eventum
508 1845 663 1924 postulatio
684 1843 807 1924 Nepotis
829 1847 905 1906 circa
921 1843 1020 1907 'lusci-

32 1930 86 1989 lun
105 1925 294 1989 Nominatum.
326 1926 460 1989 Inductus
481 1938 534 1993 est¹
547 1927 729 2007 Nominatus,
758 1930 818 2006 egit
838 1929 903 2008 ipse
917 1945 971 2008 pro
986 1948 1019 1989 se

32 2011 96 2074 ullo
123 2020 286 2073 accusante.
332 2009 403 2072 Nam
428 2012 516 2089 legati
540 2011 736 2073 Vicetinorum
768 2030 826 2072 non
852 2011 937 2072 modo
963 2029 1019 2072 ron

32 2104 185 2158 resserunt
199 2113 266 2156 eum
281 2112 380 2155 verum
395 2095 479 2156 etiam
490 2095 685 2157 sublevarunt.
705 2095 818 2155 Summa
832 2094 1046 2171 defensionis,2

33 2197 72 2241 on
88 2178 174 2240 tidem
194 2179 250 2239 eibi
271 2179 300 2238 in
319 2179 506 2240 advocatione
528 2178 580 2240 sed
601 2178 786 2240 constantiam
800 2177 943 2247 defuisse;
971 2176 1019 2239 de·

32 2263 167 2325 cendisse
183 2271 214 2322 ut
225 2271 354 2324 acturum
373 2261 467 2343 adque
480 2263 565 2324 etiam
578 2263 607 2323 in
621 2264 698 2323 curia
711 2263 821 2339 visum,
842 2260 944 2323 deinde
959 2279 1020 2322 ser·

32 2348 149 2408 sonibus
170 2348 322 2407 amicorum
342 2348 524 2426 perterritum
544 2347 720 2408 recessisse:
745 2346 880 2406 monitum
895 2347 970 2405 enim
982 2365 1020 2406 ne

32 2430 162 2492 ‚esiderio
183 2431 323 2491 senatoris
339 2448 396 2492 non
415 2432 469 2492 iam
487 2431 568 2510 quasi
591 2430 627 2491 de
647 2430 794 2507 nundinis,
815 2430 867 2490 sed
889 2429 969 2508 qnasi
984 2429 1021 2489 de

32 2515 106 2581 retia
132 2513 206 2574 lama
225 2514 360 2592 dignitate
388 2515 521 2575 certantis
543 2524 600 2575 tam
625 2515 823 2592 pertinaciter,
852 2515 1021 2593 praesertim

32 2606 167 2675 rsenatu,
182 2608 366 2676 repugnaret,
382 2597 488 2677 alioqui
502 2599 637 2660 maiorem
652 2597 782 2658 invidiam
797 2597 1020 2676 quamproxime

32 2699 176 2745 assurum
197 2679 266 2743 Erat
286 2700 355 2742 saue
370 2682 466 2760 prius,
491 2682 619 2761 apaucis
633 2691 726 2743 tamen
746 2679 932 2743 adclamatum
953 2687 1047 2740 exe-3

32 2767 83 2828 nti.
105 2765 256 2827 Subiunxit
270 2782 374 2845 preces
386 2764 561 2845 multumque
576 2764 765 2826 lacrimarum:
783 2765 850 2840 quin
865 2763 948 2823 etiam
962 2770 1020 2822 tota

33 2851 131 2912 udone
150 2847 236 2910 bomo
257 2851 285 2909 in
306 2849 427 2911 dicendo
447 2851 621 2910 exercitatus
637 2865 752 2927 operam
768 2844 846 2907 dedit
867 2854 897 2904 ut
918 2842 1020 2922 depre-

33 2934 75 2997 ati
88 2934 180 3010 magis
194 2932 238 3011 (id
250 2934 324 2995 enim
338 2942 368 2993 et
381 2931 562 2994 favorabilius
578 2941 606 2993 ot
626 2930 729 3008 tutius)
747 2947 830 3008 quam
848 2927 964 2988 defendi
978 2928 1020 2986 ri·

32 3025 142 3079 eretur.
163 3015 321 3078 Absolutus
336 3025 381 3078 est
395 3018 535 3078 sententia
548 3014 687 3094 designati
698 3011 825 3074 consulis
835 3010 933 3071 Afrani
943 3010 1049 3074 Der-4

32 3103 62 3179 ti,
78 3101 163 3162 cuius
177 3099 251 3163 baec
264 3116 382 3178 summa,
398 3099 499 3161 melius
514 3100 628 3178 quidem
638 3098 815 3158 Nominatum
828 3095 919 3158 fuisse
930 3096 1020 3173 lactu·

32 3203 89 3262 om,
104 3185 130 3245 sl
146 3201 259 3245 causam
267 3183 462 3245 Vicetinorum
475 3183 578 3245 eodem
592 3184 683 3243 animo
697 3198 755 3260 quo
770 3187 940 3260 susceperat
955 3197 1019 3258 per·

32 3266 145 3329 ulisset:
162 3269 228 3347 quie
242 3277 334 3328 tamen
349 3269 377 3327 in
391 3266 449 3328 boc
463 3285 555 3346 genus
569 3265 672 3344 culpae
688 3282 745 3325 non
759 3264 858 3326 fraude
873 3263 1020 3324 incidisset

32 3350 145 3430 nihilque
159 3351 273 3428 dignum
287 3350 528 3413 animadversione
543 3351 690 3412 admisisse
704 3350 933 3424 convinceretur,
948 3344 1019 3406 libe·
1089 3414 1092 3418 ,

32 3435 152 3512 undum,
179 3436 219 3496 ita
237 3444 268 3495 ut
287 3434 424 3496 Vicetinis
445 3433 522 3514 quod
536 3441 689 3511 acceperat
701 3431 844 3495 redderet.
877 3429 1051 3492 Arsames
