2400 3840
300 195 563 260 EPISTULARUM
588 202 909 281 rt.-ar.[as.-aa.1
1037 202 1100 266 205

95 352 123 410 in
138 351 213 410 omni
228 353 377 430 provincia
391 353 571 414 inveniuntur
585 354 688 432 quibus
706 355 785 415 credi
797 356 900 435 possit,
918 365 948 416 et
962 356 1028 418 ideo
1045 376 1100 418 non

95 433 217 496 deerunt
231 435 294 514 tibi,
310 435 395 497 modo
409 436 483 499 velis
498 436 651 515 diligenter
669 447 815 500 excutere.

472 570 591 634 xvrru.
613 571 726 650 [xxxa

317 669 343 720 (l.
363 670 488 723 PLINIUS
506 671 652 723 TRAIANO
671 671 878 725 IMPERATORI.

157 772 260 852 Rogo,
283 773 411 854 domine,
431 774 552 836 consilio
571 793 617 835 mc
637 792 723 854 regas
744 774 929 837 haesitantem
944 786 1035 838 utrum
1050 795 1126 857 perr

94 857 229 937 publicos
245 859 388 918 civitatum
408 875 528 938 servos,
545 857 623 937 quod
637 877 730 939 usque
745 857 838 920 adbuc
855 860 978 940 iactum,
1000 880 1103 943 anper

94 939 201 1002 milites
221 941 373 1002 adservare
393 943 536 1005 custodias
559 942 687 1004 debeam.
717 943 831 1004 Vereor
851 945 925 1004 enim
945 962 982 1007 ne
1005 955 1034 1007 et
1049 964 1103 1026 per

96 1043 199 1087 servos
221 1025 354 1104 publicos
376 1040 474 1106 parum
494 1025 619 1088 fideliter
639 1027 833 1089 custodiantur
853 1036 883 1089 et
895 1047 953 1090 non
969 1032 1103 1110 exiguum

54 1111 216 1177 lomilitum
229 1128 375 1171 numerum
390 1110 463 1171 baec
479 1130 547 1171 cura
560 1110 717 1190 distringat.
739 1107 994 1192 luterim‘publicis
1010 1118 1130 1180 serviet

95 1212 206 1274 paucos
219 1194 323 1255 milites
334 1193 436 1254 addidi.
458 1194 550 1257 Video
567 1195 831 1275 tamenpericulum
843 1217 911 1259 esse
922 1217 960 1259 ne
972 1198 1104 1279 idipsum

95 1280 226 1358 utrisque
237 1278 439 1356 neglegentiae
456 1297 541 1340 causa
555 1281 607 1356 sit,
630 1278 695 1339 dum
713 1297 890 1342 communem
905 1281 1018 1362 culpam
1032 1285 1061 1345 hi
1076 1286 1104 1345 in

95 1362 176 1440 illos,
193 1362 234 1422 illi
247 1365 275 1422 in
288 1361 342 1424 bos
357 1381 496 1442 regerere
510 1380 600 1443 posse
616 1363 769 1424 confidunt.

498 1497 561 1558 xx.
586 1495 712 1578 [mma]

434 1597 598 1649 TRAIANUS
614 1598 721 1649 PLINIO
740 1596 766 1648 S.

160 1698 238 1760 Nihil
258 1717 332 1780 opus
348 1711 403 1781 est,
419 1702 456 1761 mi
472 1702 606 1763 Secundo
622 1701 785 1776 carissime,
800 1699 836 1760 ad
851 1700 1036 1764 continendas
1055 1720 1104 1762 cu-

97 1784 211 1848 stodias
233 1784 330 1864 plures
356 1787 566 1848 commilitones
591 1786 731 1846 converti.
771 1784 994 1847 Perseveremus
1016 1788 1044 1847 in
1069 1805 1104 1848 ea

98 1870 305 1931 consuetudine
319 1888 393 1949 quae
409 1872 457 1931 isti
473 1872 637 1951 provinciae
651 1878 712 1949 est,
735 1877 766 1929 ut
786 1888 839 1950 per
854 1869 987 1949 publicos
1002 1889 1104 1932 servos

57 1953 302 2016 tocusmdiantur.
335 1954 449 2016 Etenim
463 1964 494 2015 ut
513 1954 636 2016 fideliter
655 1954 712 2014 hoc
727 1953 831 2014 iaciant
843 1955 871 2012 in
887 1964 934 2014 tua
950 1957 1104 2016 severitate

97 2056 132 2101 ac
148 2038 293 2117 diligentia
308 2043 431 2119 positum
445 2047 499 2101 est.
522 2037 554 2099 ln
569 2039 667 2116 primis
679 2039 764 2115 enim,
782 2039 856 2097 sicut
870 2039 985 2116 scribis,
1001 2057 1104 2098 veren-

98 2125 164 2185 dum
180 2133 226 2185 est
246 2143 298 2202 ne,
321 2126 345 2187 si
363 2125 590 2203 permisceantur
609 2123 700 2183 servis
724 2120 848 2199 publicis
869 2121 990 2200 milites,
1011 2129 1105 2182 mutua

97 2210 172 2270 iuter
188 2227 221 2270 se
237 2208 337 2270 fiducia
348 2209 582 2288 neglegentiores
598 2208 669 2269 sint:
685 2205 737 2266 sed
750 2214 779 2266 et
794 2203 865 2264 illud
878 2205 995 2268 baereat
1009 2207 1104 2282 nobis,

99 2311 182 2373 quam
197 2295 388 2374 paucissimos
403 2293 506 2354 milites
521 2293 640 2370 asignis
653 2289 814 2351 avocandos
833 2308 911 2351 esse.

392 2486 397 2496 ,
482 2425 559 2488 ιιιιι.
585 2423 728 2506 [ιιιιιιιι

321 2524 347 2576 (l.
366 2524 492 2578 PLINIUS
509 2524 653 2576 TRAIANO
670 2524 882 2580 IMPERATORI.

41 2694 44 2698 ,
161 2626 266 2689 Gabios
280 2628 397 2707 Bassus,
413 2628 577 2707 praefectus
589 2646 656 2689 orac
668 2629 816 2708 Ponticae,
832 2637 861 2690 et
872 2629 1104 2689 reverentissime

99 2722 129 2790 et
146 2712 375 2792 officiosissime,
391 2712 523 2791 domine,
538 2713 618 2774 venit
630 2713 665 2773 ad
680 2732 726 2774 me
749 2723 778 2775 et
800 2712 985 2792 conpluribus
1003 2711 1105 2771 diebus

57 2797 152 2862 aofutt
165 2814 292 2869 mecum;
314 2807 447 2876 quantum
460 2800 631 2878 perspicere
646 2800 745 2876 potui,
760 2799 804 2858 vir
818 2798 956 2875 egregius
972 2803 1003 2856 et
1015 2792 1106 2855 indul·

97 2883 195 2961 gentia
210 2892 259 2944 tua
275 2883 387 2961 dignus.
419 2879 473 2942 Cui
493 2899 549 2959 ego
567 2890 663 2941 notum
683 2882 742 2943 leci
764 2881 952 2960 praecepisse
973 2887 1003 2939 te
1022 2888 1053 2938 ut
1070 2897 1107 2939 ex

99 2965 267 3029 cohortibus
283 2969 385 3046 quibus
400 2984 445 3026 me
463 2984 604 3044 praeesse
621 2965 737 3027 voluisti
756 2972 905 3025 contentus
924 2971 1003 3024 esset
1017 2963 1105 3024 bene·

99 3050 214 3111 flciariis
228 3051 346 3129 decem,
363 3051 506 3131 equitibus
522 3050 649 3130 duobus,
671 3051 839 3111 centurione
850 3065 916 3108 uno.
946 3046 1106 3127 Respondit

98 3150 157 3194 non
177 3136 312 3214 sufficere
339 3136 393 3196 sibi
416 3136 491 3196 hunc
520 3153 665 3196 numerum
685 3134 771 3213 idque
795 3152 827 3194 se
850 3135 1019 3213 scripturum
1045 3132 1106 3192 tibi.

58 3217 163 3281 35Hoc
179 3222 207 3279 in
223 3238 309 3281 causa
326 3221 377 3281 luit
398 3237 455 3299 quo
474 3221 565 3283 minus
585 3221 679 3283 statim
694 3217 873 3280 revocandos
891 3227 1020 3300 putarem
1034 3233 1106 3296 quos

101 3302 189 3365 babet
204 3322 288 3384 supra
304 3323 460 3366 numerum.

70 711 86 763 5

55 1547 87 1601 15

57 2385 89 2438 25
