2400 3840
108 164 171 228 loo
535 158 568 221 G.
588 156 685 218 mtto

109 317 228 392 dedisti,
247 330 284 374 eo
299 312 417 373 liberius
433 312 509 391 qnod
527 310 596 371 nilsil
615 327 654 370 ex
673 308 746 371 meis
765 308 881 368 interim
900 305 1040 366 mismrus
1055 320 1109 365 sun

109 401 160 460 tibi
174 402 202 458 in
217 414 274 477 quo
289 407 320 457 te
333 395 492 456 ulciscaris.
523 394 606 457 Vale.

567 523 645 585 vul

386 627 415 679 c.
433 623 558 676 numios
575 621 711 674 nomano
727 619 789 672 suo
808 619 837 670 s.
1117 643 1130 694 5

91 743 106 796 1
173 730 313 792 Vidistine
323 727 474 808 aliquando
485 725 653 788 Clitumnum
664 718 792 785 iontcmi
810 721 983 781 sinendum
994 720 1039 799 (et
1049 727 1112 797 puto
1183 716 1190 803 l

112 814 249 885 nondum
263 814 367 891 alioqui
381 829 527 873 nanmses
542 808 637 887 milti),
649 806 727 884 ride,
741 822 829 883 quent
840 821 900 881 ego
909 804 1056 884 (paenitet
1063 811 1113 862 tar·

89 899 224 976 sontis)
245 899 372 976 proxime
393 894 459 953 ridi.
499 892 631 953 llodicus
654 888 738 950 collis
759 887 907 964 adsurgit,
936 889 1051 964 antiqua
1070 903 1113 946 cu·

114 998 218 1061 presso
232 995 400 1039 nemorosus
416 984 446 1036 ct
462 993 580 1052 opacus.
609 973 690 1034 llnnc
703 971 805 1033 mittet
817 972 879 1030 exit
893 970 962 1031 lons
979 980 1011 1031 et
1026 968 1114 1046 expri-

113 1066 197 1121 mitur
217 1061 345 1139 pluribus
364 1060 446 1118 venis
462 1058 516 1118 sed
533 1058 695 1136 inparibus,
719 1053 924 1132 eluctatusque
944 1071 1033 1133 quem
1052 1052 1147 1114 lacitlt

112 1145 255 1221 gurgitem
270 1142 328 1202 lato
349 1142 457 1218 gremio
477 1141 600 1218 patescit
614 1157 701 1218 purus
721 1145 752 1198 et
770 1138 900 1215 vitreus,
922 1145 954 1198 ut
971 1153 1115 1196 nuerare

91 1229 202 1291 eiectas
219 1228 310 1304 stipes
324 1235 354 1285 et
367 1224 522 1284 relucentis
538 1221 665 1284 calculos
679 1221 785 1299 possis.
806 1219 879 1281 Inde
891 1237 952 1280 non
962 1219 1024 1280 loci
1033 1219 1114 1280 dere

114 1312 203 1370 xitate
218 1309 271 1370 sed
287 1311 349 1389 ipsa
362 1311 406 1369 sui
424 1309 507 1387 copia
520 1315 551 1367 et
565 1306 646 1385 quasi
658 1303 788 1384 pondere
800 1301 961 1382 inpellitur.
984 1302 1062 1364 Fons
1072 1301 1115 1362 ad·

114 1394 170 1454 huo
189 1403 220 1454 ct
239 1396 292 1454 mm
309 1391 511 1473 amplissimum
527 1389 631 1450 lumen
649 1388 746 1467 adque
761 1388 847 1447 ctiam
862 1387 980 1447 narium
995 1389 1115 1466 patiens,
1192 1418 1194 1425 ,

116 1496 186 1555 quas
207 1477 305 1537 obrias
325 1494 440 1554 quoque
465 1483 495 1535 ct
522 1473 661 1533 contrario
686 1473 750 1531 nisu
772 1471 802 1530 in
826 1469 944 1532 diversa
967 1470 1151 1531 tendentesld

86 1581 92 1592 ·
116 1562 275 1620 transmittit
289 1569 319 1619 et
333 1559 458 1636 perfert,
483 1556 556 1617 adeo
570 1554 679 1615 validm
692 1563 724 1614 ut
737 1552 786 1613 illa
806 1570 863 1631 qua
880 1563 1024 1633 properat
1043 1555 1116 1632 ipsc,

116 1659 281 1718 quamquam
291 1658 343 1717 per
353 1639 445 1699 solum
457 1638 579 1716 planum,
593 1640 679 1698 remis
689 1654 746 1696 non
757 1635 918 1714 adiuvetur,
930 1636 1010 1698 idcur
1018 1654 1117 1716 aeger·

89 1726 185 1787 trime
198 1725 284 1781 remis
299 1724 447 1799 contisque
462 1731 614 1799 superetur
627 1719 773 1782 adversus.
794 1718 955 1781 Iucunda
969 1731 1116 1800 utrumque

116 1821 169 1881 per
185 1806 280 1862 iocum
293 1803 445 1882 ludumque
459 1803 642 1880 fluitantibus,
659 1813 689 1864 ut
700 1803 830 1864 flexerint
845 1821 976 1882 cursum,
992 1803 1118 1866 laborem

117 1887 186 1962 otio,
203 1889 289 1946 otium
303 1887 401 1947 labore
415 1889 533 1947 varlare.
559 1885 651 1965 Ripae
665 1887 775 1946 manino
790 1885 889 1964 multa,
904 1886 996 1948 multa
1009 1885 1153 1967 populati

116 1972 284 2048 vestiuntur,
301 1988 371 2049 quas
386 1972 557 2051 perspicuus
571 1971 659 2030 amnis
672 1979 704 2029 ut
717 1987 825 2030 mersas
838 1969 922 2030 viridi
934 1973 1060 2050 iungine
1072 1969 1118 2031 ad·

114 2063 252 2115 numerat.
283 2053 374 2132 Rigor
399 2072 490 2134 aquae
518 2055 670 2114 certaverit
688 2052 819 2130 nivibus,
843 2071 900 2115 uec
922 2053 1010 2115 color
1033 2054 1117 2116 cedit.

90 2135 235 2201 5Adiacct
248 2138 384 2217 templum
402 2141 526 2217 priscum
546 2146 576 2197 et
595 2135 776 2213 religiosum:
800 2145 856 2196 stat
877 2134 1042 2200 Clitumnus
1056 2140 1118 2218 ipsc

116 2222 233 2280 amictus
254 2231 425 2298 ornatusque
445 2230 609 2298 praetexta:
636 2236 775 2297 praesens
795 2236 900 2279 numen
920 2220 1019 2301 adque
1035 2224 1119 2282 etiam

114 2301 258 2360 fatidicum
277 2304 400 2363 indicant
419 2311 523 2362 sortes.
552 2303 657 2381 Sparsa
673 2311 738 2361 sunt
752 2303 830 2363 circa
845 2302 958 2365 sacella
972 2304 1154 2384 complanat

115 2380 289 2461 totidemque
303 2385 351 2444 dii.
383 2386 441 2444 Sua
457 2386 560 2462 cuique
571 2386 735 2460 ueneratio,
759 2402 842 2444 suum
855 2403 980 2465 nomen,
1005 2389 1120 2468 quibus·

115 2461 178 2522 dam
191 2482 261 2524 vero
277 2469 361 2526 etiam
374 2467 477 2526 lontes.
506 2464 576 2525 llam
587 2475 701 2544 praeter
712 2466 792 2526 illurn
804 2471 887 2545 quasi
901 2481 1056 2547 parentent
1073 2488 1120 2532 cc·

115 2555 241 2606 terorum
261 2559 326 2609 sunt
346 2551 469 2608 minores
490 2551 584 2626 capite
598 2547 727 2618 discreti;
752 2550 806 2611 sed
825 2551 934 2612 lumini
946 2555 1118 2630 ‚miscentem

90 2629 194 2707 sprot
206 2641 293 2710 ponte
308 2633 507 2692 transmittitur.
535 2629 564 2689 le
578 2633 714 2691 terminus
730 2635 804 2692 sacri
817 2634 1001 2716 profanique.
1028 2635 1062 2697 ln
1076 2656 1120 2699 su·

115 2716 230 2789 periore
243 2725 324 2793 parte
341 2716 474 2792 navigare
488 2723 608 2789 tantum,
628 2712 699 2772 inira
718 2716 802 2776 etiam
815 2725 916 2778 natare
933 2733 1158 2787 concessumst

115 2795 261 2858 Balineum
274 2797 461 2878 Hispellates,
473 2797 575 2875 quinus
588 2794 667 2855 illunr
679 2795 776 2857 locum
785 2797 868 2858 divos
877 2800 1033 2880 Augustus
1044 2803 1119 2865 dono

115 2875 203 2956 dedit,
218 2882 334 2960 publice
350 2881 504 2961 praebent,
526 2879 663 2956 praebent
680 2876 843 2958 hospitium.
864 2881 932 2945 Nec
949 2885 1056 2947 desunt
1069 2886 1121 2946 ril-

88 2953 176 3034 llae,
200 2981 273 3040 quae
292 2975 409 3027 secutae
429 2964 549 3024 dominis
569 2963 767 3023 amoenitatem
780 2967 900 3042 margini
914 2967 1061 3030 inanima,
1088 2968 1121 3030 ln

114 3054 238 3121 summa,
259 3048 327 3109 nihil
343 3051 398 3108 erit
416 3065 454 3108 ex
468 3064 525 3126 quo
543 3060 600 3104 non
615 3044 711 3122 capias
725 3045 912 3125 voluptatem.
932 3050 1008 3112 Nam
1023 3052 1121 3114 stude·

114 3115 158 3177 his
174 3139 302 3204 quoque;
317 3130 401 3208 leges
414 3130 499 3189 multa
513 3127 661 3188 multorum
675 3127 803 3188 omuibus
816 3130 971 3211 columnis,
987 3137 1159 3200 omniomi

114 3205 269 3272 parietibus
283 3214 428 3292 inscripta,
445 3213 547 3291 quibus
561 3209 625 3269 fons
635 3206 686 3268 ille
696 3207 826 3290 deusque
837 3212 1016 3278 celebratur.
1037 3219 1123 3281 Plana

113 3275 251 3373 laudabis,
268 3297 402 3356 nonnulla
417 3295 537 3363 fideti„
553 3307 718 3371 quamquam
728 3301 759 3352 tn
770 3312 854 3373 rero,
870 3315 947 3376 quae
958 3310 1009 3364 tua
1023 3304 1122 3365 liuma-

112 3369 201 3442 ffllaS,
217 3373 293 3438 nulla
308 3379 424 3441 ridebis.
445 3378 529 3438 Vale.
