<?xml version="1.0" encoding="UTF-8"?>
<!DOCTYPE html PUBLIC "-//W3C//DTD XHTML 1.0 Transitional//EN"
    "http://www.w3.org/TR/xhtml1/DTD/xhtml1-transitional.dtd">
<html xmlns="http://www.w3.org/1999/xhtml" xml:lang="en" lang="en">
 <head>
  <title>
</title>
<meta http-equiv="Content-Type" content="text/html;charset=utf-8" />
  <meta name='ocr-system' content='tesseract 3.04.00' />
  <meta name='ocr-capabilities' content='ocr_page ocr_carea ocr_par ocr_line ocrx_word'/>
</head>
<body>
  <div class='ocr_page' id='page_1' title='image "./cplinicaecilise01plingoog_0050.png"; bbox 0 0 2400 3840; ppageno 0'>
   <div class='ocr_carea' id='block_1_1' title="bbox 387 106 1092 171">
    <p class='ocr_par' dir='ltr' id='par_1_1' title="bbox 387 106 1092 171">
     <span class='ocr_line' id='line_1_1' title="bbox 387 106 1092 171; baseline 0 -1"><span class='ocrx_word' id='word_1_1' title='bbox 387 107 649 170; x_wconf 75' lang='lat' dir='ltr'>EPISTULARUM</span> <span class='ocrx_word' id='word_1_2' title='bbox 663 106 701 168; x_wconf 84' lang='lat' dir='ltr'><strong>la.</strong></span> <span class='ocrx_word' id='word_1_3' title='bbox 723 122 748 170; x_wconf 88' lang='lat'><strong>1.</strong></span> <span class='ocrx_word' id='word_1_4' title='bbox 763 121 790 171; x_wconf 81' lang='lat' dir='ltr'><strong>a.</strong></span> <span class='ocrx_word' id='word_1_5' title='bbox 1051 108 1092 170; x_wconf 77' lang='lat'><strong>23</strong></span> 
     </span>
    </p>
   </div>
   <div class='ocr_carea' id='block_1_2' title="bbox 44 259 1192 3024">
    <p class='ocr_par' dir='ltr' id='par_1_2' title="bbox 104 259 1116 591">
     <span class='ocr_line' id='line_1_2' title="bbox 112 259 1092 342; baseline 0 -22"><span class='ocrx_word' id='word_1_6' title='bbox 112 263 240 324; x_wconf 71' lang='lat' dir='ltr'><strong>tatami</strong></span> <span class='ocrx_word' id='word_1_7' title='bbox 231 279 296 342; x_wconf 90' lang='lat' dir='ltr'><strong>rpso</strong></span> <span class='ocrx_word' id='word_1_8' title='bbox 310 261 440 340; x_wconf 91' lang='lat' dir='ltr'><strong>pondere</strong></span> <span class='ocrx_word' id='word_1_9' title='bbox 461 261 577 340; x_wconf 90' lang='lat' dir='ltr'><strong>elapsus</strong></span> <span class='ocrx_word' id='word_1_10' title='bbox 592 270 648 321; x_wconf 92' lang='lat' dir='ltr'><strong>est</strong></span> <span class='ocrx_word' id='word_1_11' title='bbox 682 259 764 321; x_wconf 91' lang='lat' dir='ltr'><strong>llunc</strong></span> <span class='ocrx_word' id='word_1_12' title='bbox 779 260 844 320; x_wconf 92' lang='lat' dir='ltr'><strong>dum</strong></span> <span class='ocrx_word' id='word_1_13' title='bbox 865 262 996 339; x_wconf 89' lang='lat' dir='ltr'><strong>sequitur</strong></span> <span class='ocrx_word' id='word_1_14' title='bbox 1011 260 1092 330; x_wconf 87' lang='lat' dir='ltr'><strong>colli·</strong></span> 
     </span>
     <span class='ocr_line' id='line_1_3' title="bbox 81 344 1092 427; baseline -0.003 -18.913"><span class='ocrx_word' id='word_1_15' title='bbox 81 346 205 427; x_wconf 72' lang='lat' dir='ltr'><strong>··tbque,</strong></span> <span class='ocrx_word' id='word_1_16' title='bbox 219 345 354 426; x_wconf 88' lang='lat' dir='ltr'><strong>perleve</strong></span> <span class='ocrx_word' id='word_1_17' title='bbox 370 355 399 406; x_wconf 90' lang='lat' dir='ltr'><strong>et</strong></span> <span class='ocrx_word' id='word_1_18' title='bbox 414 344 553 405; x_wconf 90' lang='lat' dir='ltr'><strong>lubricum</strong></span> <span class='ocrx_word' id='word_1_19' title='bbox 567 347 757 424; x_wconf 86' lang='lat' dir='ltr'><strong>pavimentum</strong></span> <span class='ocrx_word' id='word_1_20' title='bbox 771 344 889 405; x_wconf 84' lang='lat' dir='ltr'><strong>fallente</strong></span> <span class='ocrx_word' id='word_1_21' title='bbox 903 345 1027 423; x_wconf 79' lang='lat' dir='ltr'><strong>uestigio</strong></span> <span class='ocrx_word' id='word_1_22' title='bbox 1044 364 1092 405; x_wconf 87' lang='lat' dir='ltr'><strong>ce·</strong></span> 
     </span>
     <span class='ocr_line' id='line_1_4' title="bbox 108 427 1092 508; baseline -0.003 -16"><span class='ocrx_word' id='word_1_23' title='bbox 108 429 158 492; x_wconf 77' lang='lat' dir='ltr'><strong>nit</strong></span> <span class='ocrx_word' id='word_1_24' title='bbox 177 447 334 508; x_wconf 89' lang='lat' dir='ltr'><strong>coxamque</strong></span> <span class='ocrx_word' id='word_1_25' title='bbox 356 429 460 506; x_wconf 78' lang='lat' dir='ltr'><strong>fregit,</strong></span> <span class='ocrx_word' id='word_1_26' title='bbox 487 447 560 507; x_wconf 92' lang='lat' dir='ltr'><strong>quae</strong></span> <span class='ocrx_word' id='word_1_27' title='bbox 576 447 674 508; x_wconf 91' lang='lat' dir='ltr'><strong>parum</strong></span> <span class='ocrx_word' id='word_1_28' title='bbox 694 438 760 506; x_wconf 88' lang='lat' dir='ltr'><strong>apte</strong></span> <span class='ocrx_word' id='word_1_29' title='bbox 778 427 920 488; x_wconf 87' lang='lat' dir='ltr'><strong>collocata</strong></span> <span class='ocrx_word' id='word_1_30' title='bbox 933 427 1092 489; x_wconf 67' lang='lat' dir='ltr'><strong>reluctante</strong></span> 
     </span>
     <span class='ocr_line' id='line_1_5' title="bbox 62 511 1116 591; baseline 0 -16"><span class='ocrx_word' id='word_1_31' title='bbox 62 523 179 575; x_wconf 69' lang='lat' dir='ltr'><strong>mtate</strong></span> <span class='ocrx_word' id='word_1_32' title='bbox 198 513 273 575; x_wconf 85' lang='lat' dir='ltr'><strong>male</strong></span> <span class='ocrx_word' id='word_1_33' title='bbox 295 514 372 573; x_wconf 88' lang='lat' dir='ltr'><strong>coiit.</strong></span> <span class='ocrx_word' id='word_1_34' title='bbox 406 511 496 573; x_wconf 87' lang='lat' dir='ltr'><strong>lluius</strong></span> <span class='ocrx_word' id='word_1_35' title='bbox 517 515 570 572; x_wconf 86' lang='lat' dir='ltr'><strong>viri</strong></span> <span class='ocrx_word' id='word_1_36' title='bbox 589 515 730 591; x_wconf 81' lang='lat' dir='ltr'><strong>exequiae</strong></span> <span class='ocrx_word' id='word_1_37' title='bbox 749 529 880 589; x_wconf 82' lang='lat' dir='ltr'><strong>maguum</strong></span> <span class='ocrx_word' id='word_1_38' title='bbox 900 520 1116 575; x_wconf 79' lang='lat' dir='ltr'><strong>ornamentumb</strong></span> 
     </span>
    </p>

    <p class='ocr_par' dir='ltr' id='par_1_3' title="bbox 54 595 1092 680">
     <span class='ocr_line' id='line_1_6' title="bbox 54 595 1092 680; baseline -0.004 -20"><span class='ocrx_word' id='word_1_39' title='bbox 54 632 58 643; x_wconf 92' lang='lat'>·</span> <span class='ocrx_word' id='word_1_40' title='bbox 84 596 220 680; x_wconf 77' lang='lat' dir='ltr'><strong>tprtncipt,</strong></span> <span class='ocrx_word' id='word_1_41' title='bbox 238 615 369 675; x_wconf 83' lang='lat' dir='ltr'><strong>magnum</strong></span> <span class='ocrx_word' id='word_1_42' title='bbox 384 595 502 658; x_wconf 87' lang='lat' dir='ltr'><strong>saeculo</strong></span> <span class='ocrx_word' id='word_1_43' title='bbox 511 614 666 675; x_wconf 80' lang='lat' dir='ltr'><strong>,maguum</strong></span> <span class='ocrx_word' id='word_1_44' title='bbox 681 597 765 656; x_wconf 87' lang='lat' dir='ltr'><strong>etiarn</strong></span> <span class='ocrx_word' id='word_1_45' title='bbox 781 596 844 656; x_wconf 88' lang='lat' dir='ltr'><strong>foro</strong></span> <span class='ocrx_word' id='word_1_46' title='bbox 861 606 889 656; x_wconf 88' lang='lat' dir='ltr'><strong>et</strong></span> <span class='ocrx_word' id='word_1_47' title='bbox 903 598 1004 657; x_wconf 90' lang='lat' dir='ltr'><strong>rostris</strong></span> <span class='ocrx_word' id='word_1_48' title='bbox 1019 605 1092 657; x_wconf 86' lang='lat' dir='ltr'><strong>attu-</strong></span> 
     </span>
    </p>

    <p class='ocr_par' dir='ltr' id='par_1_4' title="bbox 44 678 1117 1013">
     <span class='ocr_line' id='line_1_7' title="bbox 44 678 1091 743; baseline -0.001 -3"><span class='ocrx_word' id='word_1_49' title='bbox 44 686 48 725; x_wconf 80' lang='lat'><strong>.·</strong></span> <span class='ocrx_word' id='word_1_50' title='bbox 99 679 190 743; x_wconf 85' lang='lat' dir='ltr'><strong>larunt.</strong></span> <span class='ocrx_word' id='word_1_51' title='bbox 223 681 364 743; x_wconf 86' lang='lat' dir='ltr'><strong>Laudatus</strong></span> <span class='ocrx_word' id='word_1_52' title='bbox 378 689 457 741; x_wconf 87' lang='lat' dir='ltr'><strong>esta</strong></span> <span class='ocrx_word' id='word_1_53' title='bbox 478 679 598 741; x_wconf 91' lang='lat' dir='ltr'><strong>consule</strong></span> <span class='ocrx_word' id='word_1_54' title='bbox 619 678 755 740; x_wconf 85' lang='lat' dir='ltr'><strong>Cornelio</strong></span> <span class='ocrx_word' id='word_1_55' title='bbox 771 679 884 739; x_wconf 85' lang='lat' dir='ltr'><strong>Tacito:</strong></span> <span class='ocrx_word' id='word_1_56' title='bbox 905 697 968 738; x_wconf 87' lang='lat' dir='ltr'><strong>nam</strong></span> <span class='ocrx_word' id='word_1_57' title='bbox 982 679 1029 739; x_wconf 85' lang='lat' dir='ltr'><strong>laic</strong></span> <span class='ocrx_word' id='word_1_58' title='bbox 1044 699 1091 741; x_wconf 94' lang='lat' dir='ltr'><strong>su·</strong></span> 
     </span>
     <span class='ocr_line' id='line_1_8' title="bbox 97 762 1092 845; baseline -0.003 -20"><span class='ocrx_word' id='word_1_59' title='bbox 97 783 203 845; x_wconf 84' lang='lat' dir='ltr'><strong>promus</strong></span> <span class='ocrx_word' id='word_1_60' title='bbox 218 764 348 826; x_wconf 74' lang='lat' dir='ltr'><strong>felicitati</strong></span> <span class='ocrx_word' id='word_1_61' title='bbox 363 766 426 825; x_wconf 90' lang='lat' dir='ltr'><strong>eius</strong></span> <span class='ocrx_word' id='word_1_62' title='bbox 439 764 567 825; x_wconf 88' lang='lat' dir='ltr'><strong>cumulus</strong></span> <span class='ocrx_word' id='word_1_63' title='bbox 584 766 726 842; x_wconf 85' lang='lat' dir='ltr'><strong>accessit,</strong></span> <span class='ocrx_word' id='word_1_64' title='bbox 746 763 874 823; x_wconf 88' lang='lat' dir='ltr'><strong>laudator</strong></span> <span class='ocrx_word' id='word_1_65' title='bbox 889 762 1092 840; x_wconf 87' lang='lat' dir='ltr'><strong>eloquentissi-</strong></span> 
     </span>
     <span class='ocr_line' id='line_1_9' title="bbox 95 846 1117 927; baseline -0.001 -19"><span class='ocrx_word' id='word_1_66' title='bbox 95 866 160 912; x_wconf 87' lang='lat' dir='ltr'><strong>mus.</strong></span> <span class='ocrx_word' id='word_1_67' title='bbox 187 848 226 910; x_wconf 86' lang='lat' dir='ltr'><strong>Et</strong></span> <span class='ocrx_word' id='word_1_68' title='bbox 240 848 290 910; x_wconf 89' lang='lat' dir='ltr'><strong>ille</strong></span> <span class='ocrx_word' id='word_1_69' title='bbox 306 847 419 927; x_wconf 90' lang='lat' dir='ltr'><strong>quidem</strong></span> <span class='ocrx_word' id='word_1_70' title='bbox 432 847 534 927; x_wconf 89' lang='lat' dir='ltr'><strong>plenus</strong></span> <span class='ocrx_word' id='word_1_71' title='bbox 548 850 627 908; x_wconf 89' lang='lat' dir='ltr'><strong>annis</strong></span> <span class='ocrx_word' id='word_1_72' title='bbox 640 848 719 926; x_wconf 90' lang='lat' dir='ltr'><strong>abiit,</strong></span> <span class='ocrx_word' id='word_1_73' title='bbox 735 847 839 926; x_wconf 88' lang='lat' dir='ltr'><strong>plenus</strong></span> <span class='ocrx_word' id='word_1_74' title='bbox 850 847 1018 924; x_wconf 82' lang='lat' dir='ltr'><strong>honoribus,</strong></span> <span class='ocrx_word' id='word_1_75' title='bbox 1034 846 1117 907; x_wconf 80' lang='lat' dir='ltr'><strong>illisi</strong></span> 
     </span>
     <span class='ocr_line' id='line_1_10' title="bbox 94 930 1093 1013; baseline -0.004 -19"><span class='ocrx_word' id='word_1_76' title='bbox 94 937 172 995; x_wconf 84' lang='lat' dir='ltr'><strong>ctiam</strong></span> <span class='ocrx_word' id='word_1_77' title='bbox 191 950 266 1013; x_wconf 95' lang='lat' dir='ltr'><strong>quos</strong></span> <span class='ocrx_word' id='word_1_78' title='bbox 284 934 443 993; x_wconf 86' lang='lat' dir='ltr'><strong>recusauit:</strong></span> <span class='ocrx_word' id='word_1_79' title='bbox 460 933 544 993; x_wconf 89' lang='lat' dir='ltr'><strong>nobis</strong></span> <span class='ocrx_word' id='word_1_80' title='bbox 567 942 659 992; x_wconf 90' lang='lat' dir='ltr'><strong>tamen</strong></span> <span class='ocrx_word' id='word_1_81' title='bbox 677 932 854 1010; x_wconf 88' lang='lat' dir='ltr'><strong>quaerendus</strong></span> <span class='ocrx_word' id='word_1_82' title='bbox 874 949 908 992; x_wconf 91' lang='lat' dir='ltr'><strong>ac</strong></span> <span class='ocrx_word' id='word_1_83' title='bbox 930 930 1093 992; x_wconf 91' lang='lat' dir='ltr'><strong>desiderau-</strong></span> 
     </span>
    </p>

    <p class='ocr_par' dir='ltr' id='par_1_5' title="bbox 44 1015 1119 1430">
     <span class='ocr_line' id='line_1_11' title="bbox 44 1015 1093 1096; baseline -0.003 -20"><span class='ocrx_word' id='word_1_84' title='bbox 44 1016 139 1079; x_wconf 72' lang='lat' dir='ltr'><strong>solus</strong></span> <span class='ocrx_word' id='word_1_85' title='bbox 154 1027 200 1078; x_wconf 90' lang='lat' dir='ltr'><strong>est</strong></span> <span class='ocrx_word' id='word_1_86' title='bbox 217 1026 248 1077; x_wconf 87' lang='lat' dir='ltr'><strong>ut</strong></span> <span class='ocrx_word' id='word_1_87' title='bbox 264 1015 411 1096; x_wconf 83' lang='lat' dir='ltr'><strong>exemplar</strong></span> <span class='ocrx_word' id='word_1_88' title='bbox 424 1018 488 1077; x_wconf 85' lang='lat' dir='ltr'><strong>aeui</strong></span> <span class='ocrx_word' id='word_1_89' title='bbox 502 1018 622 1095; x_wconf 90' lang='lat' dir='ltr'><strong>prioris,</strong></span> <span class='ocrx_word' id='word_1_90' title='bbox 643 1018 709 1075; x_wconf 89' lang='lat' dir='ltr'><strong>mihi</strong></span> <span class='ocrx_word' id='word_1_91' title='bbox 723 1034 794 1076; x_wconf 85' lang='lat' dir='ltr'><strong>uero</strong></span> <span class='ocrx_word' id='word_1_92' title='bbox 808 1017 980 1095; x_wconf 80' lang='lat' dir='ltr'><strong>praecipue,</strong></span> <span class='ocrx_word' id='word_1_93' title='bbox 998 1017 1045 1094; x_wconf 93' lang='lat' dir='ltr'><strong>qui</strong></span> <span class='ocrx_word' id='word_1_94' title='bbox 1060 1015 1093 1074; x_wconf 92' lang='lat' dir='ltr'><strong>il-</strong></span> 
     </span>
     <span class='ocr_line' id='line_1_12' title="bbox 91 1098 1092 1180; baseline -0.004 -19"><span class='ocrx_word' id='word_1_95' title='bbox 91 1101 145 1161; x_wconf 91' lang='lat' dir='ltr'><strong>lum</strong></span> <span class='ocrx_word' id='word_1_96' title='bbox 159 1118 218 1161; x_wconf 92' lang='lat' dir='ltr'><strong>uon</strong></span> <span class='ocrx_word' id='word_1_97' title='bbox 238 1100 331 1162; x_wconf 91' lang='lat' dir='ltr'><strong>solum</strong></span> <span class='ocrx_word' id='word_1_98' title='bbox 346 1099 462 1180; x_wconf 89' lang='lat' dir='ltr'><strong>publice</strong></span> <span class='ocrx_word' id='word_1_99' title='bbox 484 1110 616 1179; x_wconf 92' lang='lat' dir='ltr'><strong>quantum</strong></span> <span class='ocrx_word' id='word_1_100' title='bbox 632 1100 786 1160; x_wconf 88' lang='lat' dir='ltr'><strong>admirabar</strong></span> <span class='ocrx_word' id='word_1_101' title='bbox 806 1111 912 1161; x_wconf 88' lang='lat' dir='ltr'><strong>tantum</strong></span> <span class='ocrx_word' id='word_1_102' title='bbox 927 1098 1092 1177; x_wconf 67' lang='lat' dir='ltr'><strong>diligebam</strong></span> 
     </span>
     <span class='ocr_line' id='line_1_13' title="bbox 92 1184 1119 1264; baseline -0.002 -19"><span class='ocrx_word' id='word_1_103' title='bbox 92 1188 208 1264; x_wconf 91' lang='lat' dir='ltr'><strong>primum</strong></span> <span class='ocrx_word' id='word_1_104' title='bbox 231 1185 308 1262; x_wconf 90' lang='lat' dir='ltr'><strong>quod</strong></span> <span class='ocrx_word' id='word_1_105' title='bbox 328 1186 440 1262; x_wconf 89' lang='lat' dir='ltr'><strong>utrique</strong></span> <span class='ocrx_word' id='word_1_106' title='bbox 460 1184 560 1245; x_wconf 88' lang='lat' dir='ltr'><strong>eadem</strong></span> <span class='ocrx_word' id='word_1_107' title='bbox 579 1187 679 1262; x_wconf 82' lang='lat' dir='ltr'><strong>regio,</strong></span> <span class='ocrx_word' id='word_1_108' title='bbox 705 1186 857 1263; x_wconf 88' lang='lat' dir='ltr'><strong>municipia</strong></span> <span class='ocrx_word' id='word_1_109' title='bbox 876 1185 1004 1259; x_wconf 87' lang='lat' dir='ltr'><strong>finitima,</strong></span> <span class='ocrx_word' id='word_1_110' title='bbox 1032 1185 1119 1261; x_wconf 72' lang='lat' dir='ltr'><strong>agriss</strong></span> 
     </span>
     <span class='ocr_line' id='line_1_14' title="bbox 91 1263 1094 1348; baseline -0.004 -18"><span class='ocrx_word' id='word_1_111' title='bbox 91 1273 172 1330; x_wconf 87' lang='lat' dir='ltr'><strong>etiam</strong></span> <span class='ocrx_word' id='word_1_112' title='bbox 192 1270 454 1348; x_wconf 81' lang='lat' dir='ltr'><strong>possessionesque</strong></span> <span class='ocrx_word' id='word_1_113' title='bbox 476 1271 661 1344; x_wconf 89' lang='lat' dir='ltr'><strong>coniunctae,</strong></span> <span class='ocrx_word' id='word_1_114' title='bbox 686 1263 836 1345; x_wconf 83' lang='lat' dir='ltr'><strong>praeterea</strong></span> <span class='ocrx_word' id='word_1_115' title='bbox 859 1267 936 1347; x_wconf 94' lang='lat' dir='ltr'><strong>quod</strong></span> <span class='ocrx_word' id='word_1_116' title='bbox 955 1266 1006 1326; x_wconf 93' lang='lat' dir='ltr'><strong>ille</strong></span> <span class='ocrx_word' id='word_1_117' title='bbox 1027 1266 1094 1327; x_wconf 90' lang='lat' dir='ltr'><strong>mibi</strong></span> 
     </span>
     <span class='ocr_line' id='line_1_15' title="bbox 91 1349 1093 1430; baseline -0.002 -18"><span class='ocrx_word' id='word_1_118' title='bbox 91 1363 164 1414; x_wconf 87' lang='lat' dir='ltr'><strong>tator</strong></span> <span class='ocrx_word' id='word_1_119' title='bbox 177 1351 297 1413; x_wconf 89' lang='lat' dir='ltr'><strong>relictus</strong></span> <span class='ocrx_word' id='word_1_120' title='bbox 316 1352 460 1412; x_wconf 86' lang='lat' dir='ltr'><strong>adiectum</strong></span> <span class='ocrx_word' id='word_1_121' title='bbox 480 1354 605 1430; x_wconf 87' lang='lat' dir='ltr'><strong>parentis</strong></span> <span class='ocrx_word' id='word_1_122' title='bbox 620 1349 756 1410; x_wconf 88' lang='lat' dir='ltr'><strong>exhibuit.</strong></span> <span class='ocrx_word' id='word_1_123' title='bbox 791 1351 840 1411; x_wconf 89' lang='lat' dir='ltr'><strong>Sic</strong></span> <span class='ocrx_word' id='word_1_124' title='bbox 857 1350 1033 1411; x_wconf 87' lang='lat' dir='ltr'><strong>candidatum</strong></span> <span class='ocrx_word' id='word_1_125' title='bbox 1047 1368 1093 1410; x_wconf 91' lang='lat' dir='ltr'><strong>me</strong></span> 
     </span>
    </p>

    <p class='ocr_par' dir='ltr' id='par_1_6' title="bbox 53 1433 1119 1850">
     <span class='ocr_line' id='line_1_16' title="bbox 53 1433 1093 1515; baseline -0.004 -17"><span class='ocrx_word' id='word_1_126' title='bbox 53 1437 225 1515; x_wconf 74' lang='lat' dir='ltr'><strong>lisudragio</strong></span> <span class='ocrx_word' id='word_1_127' title='bbox 244 1438 368 1514; x_wconf 87' lang='lat' dir='ltr'><strong>ornavit,</strong></span> <span class='ocrx_word' id='word_1_128' title='bbox 393 1437 436 1495; x_wconf 89' lang='lat' dir='ltr'><strong>sio</strong></span> <span class='ocrx_word' id='word_1_129' title='bbox 456 1434 492 1494; x_wconf 97' lang='lat' dir='ltr'><strong>ad</strong></span> <span class='ocrx_word' id='word_1_130' title='bbox 512 1451 610 1495; x_wconf 89' lang='lat' dir='ltr'><strong>omnes</strong></span> <span class='ocrx_word' id='word_1_131' title='bbox 630 1434 755 1495; x_wconf 87' lang='lat' dir='ltr'><strong>bonores</strong></span> <span class='ocrx_word' id='word_1_132' title='bbox 769 1452 849 1494; x_wconf 89' lang='lat' dir='ltr'><strong>meos</strong></span> <span class='ocrx_word' id='word_1_133' title='bbox 867 1453 905 1494; x_wconf 86' lang='lat' dir='ltr'><strong>ex</strong></span> <span class='ocrx_word' id='word_1_134' title='bbox 926 1433 1093 1495; x_wconf 87' lang='lat' dir='ltr'><strong>secessibus</strong></span> 
     </span>
     <span class='ocr_line' id='line_1_17' title="bbox 90 1518 1093 1598; baseline -0.005 -16"><span class='ocrx_word' id='word_1_135' title='bbox 90 1522 262 1598; x_wconf 88' lang='lat' dir='ltr'><strong>accucurrit,</strong></span> <span class='ocrx_word' id='word_1_136' title='bbox 280 1536 345 1580; x_wconf 89' lang='lat' dir='ltr'><strong>cum</strong></span> <span class='ocrx_word' id='word_1_137' title='bbox 358 1521 412 1579; x_wconf 87' lang='lat' dir='ltr'><strong>iam</strong></span> <span class='ocrx_word' id='word_1_138' title='bbox 428 1519 538 1597; x_wconf 85' lang='lat' dir='ltr'><strong>pridem</strong></span> <span class='ocrx_word' id='word_1_139' title='bbox 553 1519 690 1580; x_wconf 90' lang='lat' dir='ltr'><strong>eiusmodi</strong></span> <span class='ocrx_word' id='word_1_140' title='bbox 708 1518 810 1579; x_wconf 85' lang='lat' dir='ltr'><strong>officiis</strong></span> <span class='ocrx_word' id='word_1_141' title='bbox 824 1520 1034 1595; x_wconf 78' lang='lat' dir='ltr'><strong>renuntiasset,</strong></span> <span class='ocrx_word' id='word_1_142' title='bbox 1050 1520 1093 1577; x_wconf 91' lang='lat' dir='ltr'><strong>sic</strong></span> 
     </span>
     <span class='ocr_line' id='line_1_18' title="bbox 89 1601 1093 1683; baseline -0.002 -19"><span class='ocrx_word' id='word_1_143' title='bbox 89 1604 138 1664; x_wconf 93' lang='lat' dir='ltr'><strong>illo</strong></span> <span class='ocrx_word' id='word_1_144' title='bbox 156 1604 203 1664; x_wconf 90' lang='lat' dir='ltr'><strong>die</strong></span> <span class='ocrx_word' id='word_1_145' title='bbox 226 1622 284 1683; x_wconf 91' lang='lat' dir='ltr'><strong>quo</strong></span> <span class='ocrx_word' id='word_1_146' title='bbox 304 1601 472 1664; x_wconf 86' lang='lat' dir='ltr'><strong>sacerdotes</strong></span> <span class='ocrx_word' id='word_1_147' title='bbox 491 1602 586 1664; x_wconf 88' lang='lat' dir='ltr'><strong>solent</strong></span> <span class='ocrx_word' id='word_1_148' title='bbox 602 1605 746 1663; x_wconf 90' lang='lat' dir='ltr'><strong>nominare</strong></span> <span class='ocrx_word' id='word_1_149' title='bbox 762 1621 834 1682; x_wconf 92' lang='lat' dir='ltr'><strong>quos</strong></span> <span class='ocrx_word' id='word_1_150' title='bbox 851 1602 1033 1681; x_wconf 80' lang='lat' dir='ltr'><strong>dignissimos</strong></span> <span class='ocrx_word' id='word_1_151' title='bbox 1049 1619 1093 1662; x_wconf 88' lang='lat' dir='ltr'><strong>sa·</strong></span> 
     </span>
     <span class='ocr_line' id='line_1_19' title="bbox 90 1686 1119 1765; baseline -0.004 -16"><span class='ocrx_word' id='word_1_152' title='bbox 90 1688 220 1749; x_wconf 89' lang='lat' dir='ltr'><strong>cerdotio</strong></span> <span class='ocrx_word' id='word_1_153' title='bbox 234 1687 359 1749; x_wconf 88' lang='lat' dir='ltr'><strong>iudicant</strong></span> <span class='ocrx_word' id='word_1_154' title='bbox 374 1704 419 1747; x_wconf 92' lang='lat' dir='ltr'><strong>me</strong></span> <span class='ocrx_word' id='word_1_155' title='bbox 435 1705 551 1765; x_wconf 91' lang='lat' dir='ltr'><strong>semper</strong></span> <span class='ocrx_word' id='word_1_156' title='bbox 564 1688 731 1748; x_wconf 84' lang='lat' dir='ltr'><strong>nominabat.</strong></span> <span class='ocrx_word' id='word_1_157' title='bbox 755 1687 829 1761; x_wconf 80' lang='lat' dir='ltr'><strong>Quin</strong></span> <span class='ocrx_word' id='word_1_158' title='bbox 841 1689 924 1748; x_wconf 87' lang='lat' dir='ltr'><strong>etiam</strong></span> <span class='ocrx_word' id='word_1_159' title='bbox 934 1688 963 1746; x_wconf 92' lang='lat' dir='ltr'><strong>in</strong></span> <span class='ocrx_word' id='word_1_160' title='bbox 973 1686 1027 1747; x_wconf 89' lang='lat' dir='ltr'><strong>bac</strong></span> <span class='ocrx_word' id='word_1_161' title='bbox 1042 1691 1119 1746; x_wconf 73' lang='grc' dir='ltr'>ιιι-9</span> 
     </span>
     <span class='ocr_line' id='line_1_20' title="bbox 88 1771 1094 1850; baseline -0.002 -18"><span class='ocrx_word' id='word_1_162' title='bbox 88 1774 204 1833; x_wconf 87' lang='lat' dir='ltr'><strong>rissima</strong></span> <span class='ocrx_word' id='word_1_163' title='bbox 224 1771 378 1832; x_wconf 87' lang='lat' dir='ltr'><strong>ualitudine</strong></span> <span class='ocrx_word' id='word_1_164' title='bbox 394 1772 503 1832; x_wconf 83' lang='lat' dir='ltr'><strong>veritus</strong></span> <span class='ocrx_word' id='word_1_165' title='bbox 521 1790 558 1832; x_wconf 90' lang='lat' dir='ltr'><strong>nc</strong></span> <span class='ocrx_word' id='word_1_166' title='bbox 578 1771 653 1832; x_wconf 84' lang='lat' dir='ltr'><strong>forte</strong></span> <span class='ocrx_word' id='word_1_167' title='bbox 669 1774 742 1831; x_wconf 86' lang='lat' dir='ltr'><strong>iuter</strong></span> <span class='ocrx_word' id='word_1_168' title='bbox 762 1773 964 1850; x_wconf 84' lang='lat' dir='ltr'><strong>quinqueviros</strong></span> <span class='ocrx_word' id='word_1_169' title='bbox 981 1788 1094 1831; x_wconf 88' lang='lat' dir='ltr'><strong>creare·</strong></span> 
     </span>
    </p>

    <p class='ocr_par' dir='ltr' id='par_1_7' title="bbox 52 1854 1138 2268">
     <span class='ocr_line' id='line_1_21' title="bbox 52 1854 1095 1935; baseline -0.01 -13"><span class='ocrx_word' id='word_1_170' title='bbox 52 1866 149 1935; x_wconf 69' lang='lat' dir='ltr'><strong>mur,</strong></span> <span class='ocrx_word' id='word_1_171' title='bbox 173 1858 221 1934; x_wconf 86' lang='lat' dir='ltr'><strong>qui</strong></span> <span class='ocrx_word' id='word_1_172' title='bbox 243 1855 401 1916; x_wconf 89' lang='lat' dir='ltr'><strong>minuendis</strong></span> <span class='ocrx_word' id='word_1_173' title='bbox 421 1854 544 1934; x_wconf 87' lang='lat' dir='ltr'><strong>publicis</strong></span> <span class='ocrx_word' id='word_1_174' title='bbox 565 1856 723 1934; x_wconf 89' lang='lat' dir='ltr'><strong>sumptibus</strong></span> <span class='ocrx_word' id='word_1_175' title='bbox 738 1855 842 1916; x_wconf 91' lang='lat' dir='ltr'><strong>iudicio</strong></span> <span class='ocrx_word' id='word_1_176' title='bbox 858 1865 973 1916; x_wconf 87' lang='lat' dir='ltr'><strong>senatus</strong></span> <span class='ocrx_word' id='word_1_177' title='bbox 989 1855 1095 1916; x_wconf 86' lang='lat' dir='ltr'><strong>consti·</strong></span> 
     </span>
     <span class='ocr_line' id='line_1_22' title="bbox 88 1938 1093 2018; baseline -0.003 -17"><span class='ocrx_word' id='word_1_178' title='bbox 88 1940 252 2018; x_wconf 88' lang='lat' dir='ltr'><strong>tuebantur,</strong></span> <span class='ocrx_word' id='word_1_179' title='bbox 272 1959 335 2000; x_wconf 92' lang='lat' dir='ltr'><strong>cum</strong></span> <span class='ocrx_word' id='word_1_180' title='bbox 345 1938 387 2000; x_wconf 92' lang='lat' dir='ltr'><strong>illi</strong></span> <span class='ocrx_word' id='word_1_181' title='bbox 402 1947 444 1999; x_wconf 92' lang='lat' dir='ltr'><strong>tot</strong></span> <span class='ocrx_word' id='word_1_182' title='bbox 458 1941 540 1998; x_wconf 87' lang='lat' dir='ltr'><strong>amici</strong></span> <span class='ocrx_word' id='word_1_183' title='bbox 556 1957 642 2000; x_wconf 84' lang='lat' dir='ltr'><strong>senes</strong></span> <span class='ocrx_word' id='word_1_184' title='bbox 655 1938 879 2018; x_wconf 84' lang='lat' dir='ltr'><strong>consularesque</strong></span> <span class='ocrx_word' id='word_1_185' title='bbox 893 1947 1093 2017; x_wconf 88' lang='lat' dir='ltr'><strong>superessent,</strong></span> 
     </span>
     <span class='ocr_line' id='line_1_23' title="bbox 86 2020 1094 2102; baseline -0.003 -20"><span class='ocrx_word' id='word_1_186' title='bbox 86 2043 131 2083; x_wconf 90' lang='lat' dir='ltr'><strong>me</strong></span> <span class='ocrx_word' id='word_1_187' title='bbox 148 2023 234 2084; x_wconf 91' lang='lat' dir='ltr'><strong>buius</strong></span> <span class='ocrx_word' id='word_1_188' title='bbox 248 2026 348 2085; x_wconf 85' lang='lat' dir='ltr'><strong>aetatis</strong></span> <span class='ocrx_word' id='word_1_189' title='bbox 365 2040 518 2102; x_wconf 92' lang='lat' dir='ltr'><strong>perquem</strong></span> <span class='ocrx_word' id='word_1_190' title='bbox 533 2033 719 2083; x_wconf 85' lang='lat' dir='ltr'><strong>excusaretur</strong></span> <span class='ocrx_word' id='word_1_191' title='bbox 731 2021 831 2100; x_wconf 84' lang='lat' dir='ltr'><strong>elegit,</strong></span> <span class='ocrx_word' id='word_1_192' title='bbox 846 2021 890 2083; x_wconf 92' lang='lat' dir='ltr'><strong>bis</strong></span> <span class='ocrx_word' id='word_1_193' title='bbox 906 2020 1019 2099; x_wconf 88' lang='lat' dir='ltr'><strong>quidem</strong></span> <span class='ocrx_word' id='word_1_194' title='bbox 1029 2038 1094 2080; x_wconf 86' lang='lat' dir='ltr'><strong>uer·</strong></span> 
     </span>
     <span class='ocr_line' id='line_1_24' title="bbox 86 2105 1138 2183; baseline -0.009 -15"><span class='ocrx_word' id='word_1_195' title='bbox 86 2107 131 2168; x_wconf 91' lang='lat' dir='ltr'><strong>bis</strong></span> <span class='ocrx_word' id='word_1_196' title='bbox 149 2108 248 2166; x_wconf 79' lang='lat' dir='ltr'><strong>‘etiam</strong></span> <span class='ocrx_word' id='word_1_197' title='bbox 261 2108 286 2168; x_wconf 90' lang='lat' dir='ltr'><strong>si</strong></span> <span class='ocrx_word' id='word_1_198' title='bbox 301 2107 386 2167; x_wconf 86' lang='lat' dir='ltr'><strong>lilium</strong></span> <span class='ocrx_word' id='word_1_199' title='bbox 399 2105 550 2183; x_wconf 89' lang='lat' dir='ltr'><strong>haberem,</strong></span> <span class='ocrx_word' id='word_1_200' title='bbox 567 2108 617 2167; x_wconf 88' lang='lat' dir='ltr'><strong>tibi</strong></span> <span class='ocrx_word' id='word_1_201' title='bbox 632 2106 813 2166; x_wconf 89' lang='lat' dir='ltr'><strong>mandarem’</strong></span> <span class='ocrx_word' id='word_1_202' title='bbox 846 2105 955 2179; x_wconf 84' lang='lat' dir='ltr'><strong>Quibus</strong></span> <span class='ocrx_word' id='word_1_203' title='bbox 973 2123 1011 2165; x_wconf 85' lang='lat' dir='ltr'><strong>ex</strong></span> <span class='ocrx_word' id='word_1_204' title='bbox 1028 2107 1138 2164; x_wconf 89' lang='lat' dir='ltr'><strong>cau-10</strong></span> 
     </span>
     <span class='ocr_line' id='line_1_25' title="bbox 88 2190 1093 2268; baseline -0.006 -16"><span class='ocrx_word' id='word_1_205' title='bbox 88 2193 128 2252; x_wconf 91' lang='lat' dir='ltr'><strong>sis</strong></span> <span class='ocrx_word' id='word_1_206' title='bbox 150 2209 274 2252; x_wconf 89' lang='lat' dir='ltr'><strong>necesse</strong></span> <span class='ocrx_word' id='word_1_207' title='bbox 295 2200 341 2252; x_wconf 89' lang='lat' dir='ltr'><strong>est</strong></span> <span class='ocrx_word' id='word_1_208' title='bbox 361 2200 500 2268; x_wconf 88' lang='lat' dir='ltr'><strong>tamquam</strong></span> <span class='ocrx_word' id='word_1_209' title='bbox 520 2192 683 2251; x_wconf 87' lang='lat' dir='ltr'><strong>inmaturam</strong></span> <span class='ocrx_word' id='word_1_210' title='bbox 703 2199 823 2251; x_wconf 89' lang='lat' dir='ltr'><strong>mortem</strong></span> <span class='ocrx_word' id='word_1_211' title='bbox 845 2192 908 2250; x_wconf 91' lang='lat' dir='ltr'><strong>eius</strong></span> <span class='ocrx_word' id='word_1_212' title='bbox 921 2191 950 2249; x_wconf 94' lang='lat' dir='ltr'><strong>in</strong></span> <span class='ocrx_word' id='word_1_213' title='bbox 964 2190 1027 2250; x_wconf 93' lang='lat' dir='ltr'><strong>sinu</strong></span> <span class='ocrx_word' id='word_1_214' title='bbox 1044 2196 1093 2247; x_wconf 92' lang='lat' dir='ltr'><strong>tuo</strong></span> 
     </span>
    </p>

    <p class='ocr_par' dir='ltr' id='par_1_8' title="bbox 51 2275 1192 2688">
     <span class='ocr_line' id='line_1_26' title="bbox 51 2275 1093 2349; baseline -0.001 -16"><span class='ocrx_word' id='word_1_215' title='bbox 51 2275 228 2344; x_wconf 76' lang='lat' dir='ltr'><strong>ttdelleam3</strong></span> <span class='ocrx_word' id='word_1_216' title='bbox 243 2276 268 2336; x_wconf 93' lang='lat' dir='ltr'><strong>si</strong></span> <span class='ocrx_word' id='word_1_217' title='bbox 282 2284 376 2335; x_wconf 89' lang='lat' dir='ltr'><strong>tamen</strong></span> <span class='ocrx_word' id='word_1_218' title='bbox 389 2275 433 2335; x_wconf 85' lang='lat' dir='ltr'><strong>fas</strong></span> <span class='ocrx_word' id='word_1_219' title='bbox 448 2284 493 2336; x_wconf 91' lang='lat' dir='ltr'><strong>est</strong></span> <span class='ocrx_word' id='word_1_220' title='bbox 507 2285 553 2335; x_wconf 92' lang='lat' dir='ltr'><strong>aut</strong></span> <span class='ocrx_word' id='word_1_221' title='bbox 568 2275 638 2335; x_wconf 88' lang='lat' dir='ltr'><strong>llere</strong></span> <span class='ocrx_word' id='word_1_222' title='bbox 653 2285 700 2335; x_wconf 88' lang='lat' dir='ltr'><strong>aut</strong></span> <span class='ocrx_word' id='word_1_223' title='bbox 715 2276 827 2335; x_wconf 90' lang='lat' dir='ltr'><strong>omniuo</strong></span> <span class='ocrx_word' id='word_1_224' title='bbox 841 2283 961 2335; x_wconf 87' lang='lat' dir='ltr'><strong>mortem</strong></span> <span class='ocrx_word' id='word_1_225' title='bbox 975 2290 1093 2349; x_wconf 85' lang='lat' dir='ltr'><strong>uocare,</strong></span> 
     </span>
     <span class='ocr_line' id='line_1_27' title="bbox 87 2357 1138 2438; baseline -0.01 -19"><span class='ocrx_word' id='word_1_226' title='bbox 87 2377 146 2438; x_wconf 92' lang='lat' dir='ltr'><strong>qua</strong></span> <span class='ocrx_word' id='word_1_227' title='bbox 160 2359 230 2419; x_wconf 84' lang='lat' dir='ltr'><strong>tanti</strong></span> <span class='ocrx_word' id='word_1_228' title='bbox 243 2359 296 2418; x_wconf 85' lang='lat' dir='ltr'><strong>riri</strong></span> <span class='ocrx_word' id='word_1_229' title='bbox 310 2357 464 2419; x_wconf 89' lang='lat' dir='ltr'><strong>mortalitas</strong></span> <span class='ocrx_word' id='word_1_230' title='bbox 480 2361 569 2437; x_wconf 81' lang='lat' dir='ltr'><strong>magis</strong></span> <span class='ocrx_word' id='word_1_231' title='bbox 585 2360 660 2419; x_wconf 90' lang='lat' dir='ltr'><strong>linita</strong></span> <span class='ocrx_word' id='word_1_232' title='bbox 675 2377 757 2438; x_wconf 92' lang='lat' dir='ltr'><strong>quam</strong></span> <span class='ocrx_word' id='word_1_233' title='bbox 770 2361 828 2419; x_wconf 87' lang='lat' dir='ltr'><strong>vita</strong></span> <span class='ocrx_word' id='word_1_234' title='bbox 842 2367 897 2420; x_wconf 87' lang='lat' dir='ltr'><strong>est.</strong></span> <span class='ocrx_word' id='word_1_235' title='bbox 929 2358 1005 2418; x_wconf 82' lang='lat' dir='ltr'><strong>Vivit</strong></span> <span class='ocrx_word' id='word_1_236' title='bbox 1021 2358 1138 2417; x_wconf 90' lang='lat' dir='ltr'><strong>enimll</strong></span> 
     </span>
     <span class='ocr_line' id='line_1_28' title="bbox 86 2441 1096 2521; baseline -0.005 -17"><span class='ocrx_word' id='word_1_237' title='bbox 86 2446 228 2520; x_wconf 76' lang='lat' dir='ltr'><strong>vivetque</strong></span> <span class='ocrx_word' id='word_1_238' title='bbox 249 2460 366 2521; x_wconf 83' lang='lat' dir='ltr'><strong>semper</strong></span> <span class='ocrx_word' id='word_1_239' title='bbox 386 2453 471 2521; x_wconf 89' lang='lat' dir='ltr'><strong>atque</strong></span> <span class='ocrx_word' id='word_1_240' title='bbox 492 2445 575 2503; x_wconf 86' lang='lat' dir='ltr'><strong>etiam</strong></span> <span class='ocrx_word' id='word_1_241' title='bbox 594 2442 677 2504; x_wconf 89' lang='lat' dir='ltr'><strong>latius</strong></span> <span class='ocrx_word' id='word_1_242' title='bbox 695 2445 724 2502; x_wconf 93' lang='lat' dir='ltr'><strong>in</strong></span> <span class='ocrx_word' id='word_1_243' title='bbox 745 2444 881 2504; x_wconf 86' lang='lat' dir='ltr'><strong>memoria</strong></span> <span class='ocrx_word' id='word_1_244' title='bbox 903 2441 1046 2502; x_wconf 90' lang='lat' dir='ltr'><strong>bominum</strong></span> <span class='ocrx_word' id='word_1_245' title='bbox 1067 2449 1096 2500; x_wconf 91' lang='lat' dir='ltr'><strong>et</strong></span> 
     </span>
     <span class='ocr_line' id='line_1_29' title="bbox 88 2523 1189 2606; baseline -0.005 -18"><span class='ocrx_word' id='word_1_246' title='bbox 88 2538 226 2588; x_wconf 88' lang='lat' dir='ltr'><strong>sermone</strong></span> <span class='ocrx_word' id='word_1_247' title='bbox 240 2527 417 2605; x_wconf 72' lang='lat' dir='ltr'><strong>versabitur,</strong></span> <span class='ocrx_word' id='word_1_248' title='bbox 442 2536 593 2606; x_wconf 87' lang='lat' dir='ltr'><strong>postquam</strong></span> <span class='ocrx_word' id='word_1_249' title='bbox 613 2527 648 2587; x_wconf 88' lang='lat' dir='ltr'><strong>ab</strong></span> <span class='ocrx_word' id='word_1_250' title='bbox 664 2526 756 2588; x_wconf 92' lang='lat' dir='ltr'><strong>oculis</strong></span> <span class='ocrx_word' id='word_1_251' title='bbox 775 2529 909 2589; x_wconf 89' lang='lat' dir='ltr'><strong>recessit.</strong></span> <span class='ocrx_word' id='word_1_252' title='bbox 944 2524 1029 2586; x_wconf 87' lang='lat' dir='ltr'><strong>Volui</strong></span> <span class='ocrx_word' id='word_1_253' title='bbox 1044 2523 1139 2585; x_wconf 75' lang='lat' dir='ltr'><strong>tibi12</strong></span> <span class='ocrx_word' id='word_1_254' title='bbox 1177 2556 1189 2566; x_wconf 92' lang='lat'><em>-</em></span> 
     </span>
     <span class='ocr_line' id='line_1_30' title="bbox 87 2607 1192 2688; baseline -0.005 -18"><span class='ocrx_word' id='word_1_255' title='bbox 87 2608 180 2671; x_wconf 88' lang='lat' dir='ltr'><strong>multa</strong></span> <span class='ocrx_word' id='word_1_256' title='bbox 200 2609 255 2670; x_wconf 87' lang='lat' dir='ltr'><strong>alia</strong></span> <span class='ocrx_word' id='word_1_257' title='bbox 274 2610 422 2688; x_wconf 86' lang='lat' dir='ltr'><strong>scribere,</strong></span> <span class='ocrx_word' id='word_1_258' title='bbox 443 2609 496 2671; x_wconf 91' lang='lat' dir='ltr'><strong>sed</strong></span> <span class='ocrx_word' id='word_1_259' title='bbox 516 2620 592 2672; x_wconf 89' lang='lat' dir='ltr'><strong>totus</strong></span> <span class='ocrx_word' id='word_1_260' title='bbox 609 2613 716 2672; x_wconf 88' lang='lat' dir='ltr'><strong>animus</strong></span> <span class='ocrx_word' id='word_1_261' title='bbox 737 2613 766 2671; x_wconf 91' lang='lat' dir='ltr'><strong>in</strong></span> <span class='ocrx_word' id='word_1_262' title='bbox 781 2611 836 2672; x_wconf 91' lang='lat' dir='ltr'><strong>hac</strong></span> <span class='ocrx_word' id='word_1_263' title='bbox 852 2628 907 2670; x_wconf 91' lang='lat' dir='ltr'><strong>una</strong></span> <span class='ocrx_word' id='word_1_264' title='bbox 921 2607 1096 2685; x_wconf 88' lang='lat' dir='ltr'><strong>contempla·</strong></span> <span class='ocrx_word' id='word_1_265' title='bbox 1190 2653 1192 2659; x_wconf 94' lang='lat'>.</span> 
     </span>
    </p>

    <p class='ocr_par' dir='ltr' id='par_1_9' title="bbox 51 2691 1106 3024">
     <span class='ocr_line' id='line_1_31' title="bbox 51 2691 1097 2773; baseline -0.008 -17"><span class='ocrx_word' id='word_1_266' title='bbox 51 2697 168 2756; x_wconf 76' lang='lat' dir='ltr'><strong>cottone</strong></span> <span class='ocrx_word' id='word_1_267' title='bbox 184 2694 297 2757; x_wconf 81' lang='lat' dir='ltr'><strong>defixus</strong></span> <span class='ocrx_word' id='word_1_268' title='bbox 309 2703 363 2754; x_wconf 88' lang='lat' dir='ltr'><strong>cst.</strong></span> <span class='ocrx_word' id='word_1_269' title='bbox 389 2694 555 2772; x_wconf 77' lang='lat' dir='ltr'><strong>Verginium</strong></span> <span class='ocrx_word' id='word_1_270' title='bbox 571 2697 685 2772; x_wconf 84' lang='lat' dir='ltr'><strong>cogito,</strong></span> <span class='ocrx_word' id='word_1_271' title='bbox 699 2694 864 2773; x_wconf 78' lang='lat' dir='ltr'><strong>Verginium</strong></span> <span class='ocrx_word' id='word_1_272' title='bbox 877 2693 979 2768; x_wconf 86' lang='lat' dir='ltr'><strong>rideo,</strong></span> <span class='ocrx_word' id='word_1_273' title='bbox 994 2691 1097 2768; x_wconf 75' lang='lat' dir='ltr'><strong>Vergi-</strong></span> 
     </span>
     <span class='ocr_line' id='line_1_32' title="bbox 89 2775 1106 2857; baseline -0.005 -18"><span class='ocrx_word' id='word_1_274' title='bbox 89 2781 167 2839; x_wconf 90' lang='lat' dir='ltr'><strong>nium</strong></span> <span class='ocrx_word' id='word_1_275' title='bbox 182 2779 237 2838; x_wconf 90' lang='lat' dir='ltr'><strong>iam</strong></span> <span class='ocrx_word' id='word_1_276' title='bbox 250 2779 331 2840; x_wconf 88' lang='lat' dir='ltr'><strong>uanis</strong></span> <span class='ocrx_word' id='word_1_277' title='bbox 345 2778 525 2857; x_wconf 77' lang='lat' dir='ltr'><strong>imaginibus,</strong></span> <span class='ocrx_word' id='word_1_278' title='bbox 542 2779 708 2839; x_wconf 86' lang='lat' dir='ltr'><strong>recentibus</strong></span> <span class='ocrx_word' id='word_1_279' title='bbox 721 2786 827 2855; x_wconf 87' lang='lat' dir='ltr'><strong>tamen,</strong></span> <span class='ocrx_word' id='word_1_280' title='bbox 839 2777 934 2854; x_wconf 90' lang='lat' dir='ltr'><strong>audio,</strong></span> <span class='ocrx_word' id='word_1_281' title='bbox 945 2775 1106 2854; x_wconf 78' lang='lat' dir='ltr'><strong>adloquor,</strong></span> 
     </span>
     <span class='ocr_line' id='line_1_33' title="bbox 88 2860 1096 2941; baseline -0.003 -18"><span class='ocrx_word' id='word_1_282' title='bbox 88 2872 193 2932; x_wconf 88' lang='lat' dir='ltr'><strong>toneo;</strong></span> <span class='ocrx_word' id='word_1_283' title='bbox 213 2864 259 2922; x_wconf 93' lang='lat' dir='ltr'><strong>cui</strong></span> <span class='ocrx_word' id='word_1_284' title='bbox 275 2861 397 2924; x_wconf 84' lang='lat' dir='ltr'><strong>fortasse</strong></span> <span class='ocrx_word' id='word_1_285' title='bbox 415 2865 495 2923; x_wconf 88' lang='lat' dir='ltr'><strong>cives</strong></span> <span class='ocrx_word' id='word_1_286' title='bbox 512 2862 624 2941; x_wconf 85' lang='lat' dir='ltr'><strong>aliquos</strong></span> <span class='ocrx_word' id='word_1_287' title='bbox 643 2862 793 2921; x_wconf 84' lang='lat' dir='ltr'><strong>virtutibus</strong></span> <span class='ocrx_word' id='word_1_288' title='bbox 813 2878 898 2940; x_wconf 90' lang='lat' dir='ltr'><strong>pares</strong></span> <span class='ocrx_word' id='word_1_289' title='bbox 913 2870 943 2920; x_wconf 91' lang='lat' dir='ltr'><strong>et</strong></span> <span class='ocrx_word' id='word_1_290' title='bbox 959 2860 1096 2921; x_wconf 88' lang='lat' dir='ltr'><strong>babemus</strong></span> 
     </span>
     <span class='ocr_line' id='line_1_34' title="bbox 89 2944 699 3024; baseline -0.005 -17"><span class='ocrx_word' id='word_1_291' title='bbox 89 2955 119 3007; x_wconf 92' lang='lat' dir='ltr'><strong>et</strong></span> <span class='ocrx_word' id='word_1_292' title='bbox 133 2944 313 3024; x_wconf 87' lang='lat' dir='ltr'><strong>babebimus,</strong></span> <span class='ocrx_word' id='word_1_293' title='bbox 332 2944 423 3023; x_wconf 82' lang='lat' dir='ltr'><strong>gloria</strong></span> <span class='ocrx_word' id='word_1_294' title='bbox 435 2947 585 3007; x_wconf 86' lang='lat' dir='ltr'><strong>neminem.</strong></span> <span class='ocrx_word' id='word_1_295' title='bbox 618 2944 699 3005; x_wconf 87' lang='lat' dir='ltr'><strong>Vale.</strong></span> 
     </span>
    </p>
   </div>
   <div class='ocr_carea' id='block_1_3' title="bbox 368 3078 818 3233">
    <p class='ocr_par' dir='ltr' id='par_1_10' title="bbox 368 3078 818 3233">
     <span class='ocr_line' id='line_1_35' title="bbox 574 3078 610 3140; baseline -0.028 0"><span class='ocrx_word' id='word_1_296' title='bbox 574 3078 610 3140; x_wconf 90' lang='lat' dir='ltr'><strong>ll.</strong></span> 
     </span>
     <span class='ocr_line' id='line_1_36' title="bbox 368 3177 818 3233; baseline 0.007 -3"><span class='ocrx_word' id='word_1_297' title='bbox 368 3179 396 3233; x_wconf 92' lang='lat' dir='ltr'><strong>o.</strong></span> <span class='ocrx_word' id='word_1_298' title='bbox 413 3179 539 3232; x_wconf 79' lang='lat' dir='ltr'><strong>ananius</strong></span> <span class='ocrx_word' id='word_1_299' title='bbox 556 3180 695 3232; x_wconf 70' lang='lat' dir='ltr'><strong>alburno</strong></span> <span class='ocrx_word' id='word_1_300' title='bbox 715 3177 775 3230; x_wconf 89' lang='lat' dir='ltr'><strong>suo</strong></span> <span class='ocrx_word' id='word_1_301' title='bbox 792 3177 818 3233; x_wconf 78' lang='lat' dir='ltr'><strong>S.</strong></span> 
     </span>
    </p>
   </div>
   <div class='ocr_carea' id='block_1_4' title="bbox 93 3276 1146 3536">
    <p class='ocr_par' dir='ltr' id='par_1_11' title="bbox 93 3276 1146 3536">
     <span class='ocr_line' id='line_1_37' title="bbox 152 3276 1121 3359; baseline -0.005 -18"><span class='ocrx_word' id='word_1_302' title='bbox 152 3279 285 3358; x_wconf 88' lang='lat' dir='ltr'><strong>Irascor,</strong></span> <span class='ocrx_word' id='word_1_303' title='bbox 310 3299 366 3350; x_wconf 88' lang='lat' dir='ltr'><strong>nec</strong></span> <span class='ocrx_word' id='word_1_304' title='bbox 387 3279 478 3359; x_wconf 91' lang='lat' dir='ltr'><strong>liquet</strong></span> <span class='ocrx_word' id='word_1_305' title='bbox 498 3282 564 3343; x_wconf 91' lang='lat' dir='ltr'><strong>mibi</strong></span> <span class='ocrx_word' id='word_1_306' title='bbox 584 3300 620 3343; x_wconf 89' lang='lat' dir='ltr'><strong>aa</strong></span> <span class='ocrx_word' id='word_1_307' title='bbox 644 3280 780 3358; x_wconf 88' lang='lat' dir='ltr'><strong>debeam,</strong></span> <span class='ocrx_word' id='word_1_308' title='bbox 808 3278 861 3340; x_wconf 88' lang='lat' dir='ltr'><strong>sed</strong></span> <span class='ocrx_word' id='word_1_309' title='bbox 879 3280 996 3339; x_wconf 88' lang='lat' dir='ltr'><strong>irascor.</strong></span> <span class='ocrx_word' id='word_1_310' title='bbox 1032 3276 1121 3338; x_wconf 89' lang='lat' dir='ltr'><strong>Scisl</strong></span> 
     </span>
     <span class='ocr_line' id='line_1_38' title="bbox 93 3360 1146 3536; baseline -0.005 -112"><span class='ocrx_word' id='word_1_311' title='bbox 93 3383 176 3443; x_wconf 89' lang='lat' dir='ltr'><strong>quam</strong></span> <span class='ocrx_word' id='word_1_312' title='bbox 192 3365 231 3425; x_wconf 88' lang='lat' dir='ltr'><strong>sit</strong></span> <span class='ocrx_word' id='word_1_313' title='bbox 245 3382 324 3425; x_wconf 90' lang='lat' dir='ltr'><strong>amor</strong></span> <span class='ocrx_word' id='word_1_314' title='bbox 339 3365 452 3444; x_wconf 89' lang='lat' dir='ltr'><strong>iniquus</strong></span> <span class='ocrx_word' id='word_1_315' title='bbox 467 3366 623 3444; x_wconf 88' lang='lat' dir='ltr'><strong>interdum,</strong></span> <span class='ocrx_word' id='word_1_316' title='bbox 640 3366 773 3444; x_wconf 86' lang='lat' dir='ltr'><strong>inpotens</strong></span> <span class='ocrx_word' id='word_1_317' title='bbox 785 3381 890 3442; x_wconf 87' lang='lat' dir='ltr'><strong>saepe,</strong></span> <span class='ocrx_word' id='word_1_318' title='bbox 913 3360 1098 3441; x_wconf 69' lang='lat' dir='ltr'><strong>propalatos</strong></span> <span class='ocrx_word' id='word_1_319' title='bbox 1117 3432 1146 3536; x_wconf 65' lang='grc' dir='ltr'>Ι</span> 
     </span>
    </p>
   </div>
   <div class='ocr_carea' id='block_1_5' title="bbox 0 0 1206 3840">
    <p class='ocr_par' dir='ltr' id='par_1_12' title="bbox 0 0 1206 3840">
     <span class='ocr_line' id='line_1_39' title="bbox 0 0 1206 3840; baseline 0 0"><span class='ocrx_word' id='word_1_320' title='bbox 0 0 1206 3840; x_wconf 95' lang='lat' dir='ltr'><strong> </strong></span> 
     </span>
    </p>
   </div>
  </div>
 </body>
</html>
