2400 3840
102 163 164 227 lto
528 158 560 220 C.
584 157 681 219 PLlNl

103 317 244 377 sinistrum
266 314 411 375 brachium
438 313 595 374 firmissimo
616 328 705 389 opere
731 311 868 370 munitum
889 320 950 388 est,
980 310 1090 372 dextrum
1160 326 1162 339 ’

61 410 95 467 16
105 399 274 460 elaboratur.
307 397 339 458 ln
354 413 404 458 ore
419 405 519 476 portus
532 394 621 456 insula
636 393 779 471 adsurgit,
801 412 877 473 quae
891 394 1008 456 inlatum
1021 404 1090 456 vento
1158 409 1171 457 '2

103 500 179 543 mare
202 483 337 543 obiacens
353 482 463 559 frangat
482 489 628 558 tutumque
648 478 683 538 ab
706 486 828 557 utroque
850 477 942 541 latere
957 479 1091 540 decmsun

103 567 222 627 navibus
243 574 386 645 praestet,
410 564 536 641 adsurgit
555 573 648 623 autem
662 571 722 621 arte
736 560 870 625 uisenda:
897 565 1024 642 ingentia
1037 579 1092 623 saxa

103 651 238 712 latissima
259 653 336 710 navis
358 648 505 729 provebit:
529 657 627 707 contra
647 646 719 706 baec
739 644 794 706 alia
813 663 905 725 super
926 647 981 708 alia
997 647 1108 712 deiectat
1155 670 1157 677 ¹

103 737 168 815 ipso
184 734 312 813 pondere
328 742 439 794 manent
455 749 489 792 ac
505 732 611 792 sensim
626 730 747 809 quodam
757 727 837 790 velot
852 748 965 809 aggere
980 739 1092 792 constru-
1161 760 1171 797 e

60 830 195 888 luuntur.
235 818 345 878 Eminet
365 820 419 877 iam
447 824 476 876 et
504 824 621 894 apparet
644 830 759 874 saxeum
782 812 899 875 dorsum
920 817 1093 896 inpactosquc
1163 821 1171 878 l

104 904 207 965 fluctus
223 905 250 962 in
265 904 421 962 inmensum
437 898 515 959 elidit
531 908 559 959 ct
574 897 657 961 tollit.
685 897 790 958 Vastus
805 896 867 959 illic
882 897 982 978 fragor
997 916 1093 960 canum
1164 906 1171 962 l

104 1006 160 1066 que
182 988 258 1047 circa
280 1001 367 1043 mare.
400 983 481 1042 Saxis
503 981 604 1042 deinde
619 980 695 1061 pilae
716 981 892 1060 adicientur,
915 1001 991 1062 quac
1006 999 1094 1063 proca·
1169 1008 1171 1015 ¹

103 1071 188 1130 deute
209 1077 338 1145 ternpore
361 1075 467 1126 enatam
489 1064 607 1127 insulam
628 1067 778 1126 imitentur.
806 1065 933 1127 Habebit
947 1067 995 1127 hic
1010 1069 1123 1146 portmlt
1167 1118 1170 1123 ,

104 1163 133 1212 et
154 1155 209 1211 ianr
230 1150 316 1210 habet
336 1167 438 1210 nomen
460 1150 584 1210 auctoris
607 1151 717 1228 eritque
744 1148 792 1208 vel
820 1152 944 1211 maxime
969 1150 1095 1212 salutaris.

6 1267 9 1272 ·
102 1235 173 1297 Nam
188 1253 241 1314 per
257 1233 451 1311 longissimum
472 1235 592 1312 spatium
610 1233 676 1295 litus
691 1235 889 1312 importuosum
904 1235 963 1296 boc
978 1243 1096 1314 recepta·

104 1320 169 1382 culo
182 1328 284 1381 utetur.
316 1317 396 1380 Vale.

541 1450 658 1512 xxxll.

347 1552 374 1606 o.
391 1550 516 1602 numnis
534 1549 741 1610 obrumbratio
758 1548 819 1601 soo
836 1548 862 1600 o.

79 1669 94 1718 1
167 1655 300 1728 Quamvis
317 1663 346 1713 et
360 1655 424 1731 ipse
440 1636 480 1712 si's
497 1654 753 1714 continentissimus
774 1662 804 1713 ct
825 1651 911 1713 illlam
925 1662 1002 1713 tuom
1015 1653 1053 1714 ita
1065 1652 1099 1711 iu·
1142 1703 1171 1737 ·.

103 1739 227 1798 stitueris
242 1746 272 1797 ut
285 1735 407 1796 decebat
421 1744 495 1795 tuam
508 1734 607 1815 liliam,
630 1735 715 1798 Tutili
728 1746 862 1816 neptem,
884 1753 951 1796 cum
965 1745 1057 1815 umen
1070 1735 1100 1794 sit

102 1828 221 1897 nuptura
237 1820 437 1881 honestissimo
452 1820 526 1897 viro,
543 1818 636 1880 Nouio
653 1818 760 1898 Celeri,
777 1822 822 1881 cui
836 1821 909 1881 ratio
927 1819 1053 1881 civilium
1063 1817 1100 1878 ol·
1168 1826 1171 1881 ἶ

103 1905 230 1964 liciorum
249 1905 451 1965 necessitatem
469 1901 607 1981 quandam
627 1905 725 1965 nitoris
742 1905 867 1984 inponit,
894 1902 985 1965 debet
1004 1914 1135 1968 secun-so
1169 1898 1171 1911 '

103 1989 168 2050 dum
186 1990 376 2050 conditionem
398 1989 487 2048 mariti
508 1996 591 2047 veste
621 1990 753 2048 comitatu
778 1989 893 2066 angeri;
927 1988 1032 2066 quibus
1050 2003 1101 2047 non

76 2074 214 2154 tquidem
230 2084 349 2151 augetur
363 2072 494 2149 dignitas,
512 2080 624 2131 ornatur
639 2081 730 2132 tamen
745 2081 774 2132 et
788 2073 944 2133 instruitur.
965 2070 1007 2131 Te
1022 2085 1101 2152 porro

102 2161 195 2218 animo
212 2158 415 2232 beatissimum,
431 2155 572 2216 modicum
587 2154 768 2216 facultatibus
783 2157 853 2216 scio.
883 2154 986 2233 ltaque
999 2164 1102 2234 partem
1166 2172 1171 2259 p

104 2244 199 2301 oneris
215 2243 253 2299 tui
275 2240 341 2298 mibi
357 2237 487 2316 vindico,
510 2249 538 2299 et
557 2247 696 2317 tamquam
715 2256 818 2316 parens
833 2236 907 2299 alter
921 2238 1041 2318 puellae
1057 2253 1103 2298 uo·
1167 2264 1171 2313 J

104 2333 179 2383 strae
208 2322 326 2383 confero
348 2322 548 2399 quinquaginta
569 2322 644 2382 milia
664 2339 820 2399 nummum,
846 2322 912 2401 plus
939 2322 1137 2399 collatunnam
1169 2316 1171 2367 ἦ

102 2407 155 2465 nisi
177 2422 193 2463 a
215 2403 388 2465 verecundia
409 2414 455 2464 tua
475 2405 537 2465 sola
557 2407 752 2468 mediocritate
779 2405 939 2466 munusculi
964 2407 1104 2487 impetrari

103 2505 192 2566 posse
205 2488 377 2549 confiderem
391 2507 428 2549 ne
442 2507 602 2550 recusares.
633 2488 714 2550 Vale.

534 2620 665 2684 xxxin.

379 2722 405 2773 G.
424 2721 548 2774 PLINIUS
565 2719 702 2772 Romano
721 2721 781 2773 SUO
797 2719 825 2776 S.
1110 2745 1141 2800 30

79 2838 94 2890 l
188 2824 304 2886 ‘Tollite
321 2831 432 2886 concta'
445 2825 541 2905 inquid
555 2829 747 2904 fcoeptosquc
759 2823 870 2885 auferte
880 2821 1022 2886 labores-¹

102 2907 160 2968 Seu
176 2910 279 2971 scribis
294 2909 399 2988 aliquid
413 2927 465 2970 seu
480 2909 570 2986 legis,
592 2907 654 2966 tolli
677 2907 781 2967 auferri
801 2907 868 2967 iube
883 2916 913 2967 et
927 2909 1031 2987 accipe
1045 2923 1105 2967 ora-

101 2992 208 3052 tionem
227 3010 334 3070 meam,
356 3001 386 3052 ut
400 2992 447 3053 illa
458 3010 548 3067 arma,
572 2991 691 3051 dinuam
713 2993 794 3072 (num
808 2990 963 3070 superbius
977 2988 1104 3071 potuii),

101 3091 134 3133 re
144 3092 234 3154 ¹uera,
256 3085 286 3136 ut
300 3079 374 3137 inter
388 3093 481 3153 meas,
504 3075 664 3153 pulchram3
683 3093 746 3135 narn
766 3075 832 3134 mihi
847 3076 916 3137 satis
932 3086 978 3136 est
995 3085 1105 3136 certare

72 3165 221 3217 amenum.
249 3158 303 3219 Est
318 3161 390 3220 haec
411 3176 463 3238 pro
484 3157 559 3220 Attia
575 3156 699 3235 Viriola,
722 3168 751 3220 et
766 3158 901 3237 dignitate
917 3176 1062 3238 personae
1077 3167 1140 3223 etot

102 3242 227 3322 exempli
245 3245 358 3305 raritate
380 3253 408 3302 et
428 3242 523 3303 iudicii
543 3241 734 3319 magnitudine
755 3244 883 3322 insignis.
914 3242 987 3303 Nam
1002 3242 1105 3304 lomina
1169 3250 1171 3261 '

102 3325 251 3404 splendide
263 3337 336 3401 nata,
354 3335 440 3404 nupta
454 3327 598 3406 praetorio
613 3327 691 3402 viro,
709 3326 882 3388 exheredata
897 3327 934 3388 ab
949 3335 1104 3404 octogenu-

99 3410 143 3468 rio
159 3419 239 3488 patre
256 3412 327 3470 intra
341 3409 471 3469 undecim
486 3410 547 3472 dies
570 3427 652 3491 quam
666 3410 706 3470 illi
722 3429 874 3472 nouercam
890 3428 986 3474 amore
1002 3406 1103 3491 captus

1105 1491 1126 1546 ll
