2400 3840
103 175 167 239 226
406 168 439 232 G.
459 165 557 230 l’ldlll
577 165 627 228 ΕΤ
648 161 806 228 rustam

103 327 236 410 putabam
253 341 343 405 posse
366 322 394 382 in
415 330 544 383 senatum
562 330 591 381 et
613 318 769 381 secundum
790 314 915 378 edictam
936 314 1061 394 Augusti
1080 325 1108 378 et

103 409 259 473 secundum
279 408 375 485 legem
395 404 558 485 Pompeiam
582 402 659 482 legi,
685 403 816 482 quoniam
835 400 984 477 Angustus
1005 417 1107 478 gerere

102 495 283 572 magistratus
295 489 450 550 minoribus
465 489 543 550 annis
554 489 669 565 triginta
679 485 870 566 permisisset,
885 483 935 544 lex
946 494 1108 544 senatorem

77 594 172 646 nesse
184 575 326 638 voluisset
340 575 388 653 qui
401 574 544 651 gessisset
559 572 759 649 magistratum.
779 566 824 629 lle
838 569 874 629 iis
888 576 983 629 autem
995 568 1042 646 qui
1052 584 1108 627 non

103 662 280 741 gessissent,
309 660 434 739 quamvis
462 664 560 718 essent
580 656 681 716 aetatis
702 650 830 715 eiusdem
842 652 924 713 cuius
944 649 986 710 illi
1005 650 1134 729 quibust

103 763 208 825 gerere
228 745 398 824 permissum
416 750 474 819 est,
495 739 683 806 haesitabam:
707 754 762 817 per
777 733 855 815 quod
870 735 1008 797 effectum
1020 742 1065 795 est
1078 742 1109 794 ut

103 839 152 907 te,
174 828 303 906 domine,
325 825 507 886 consulerem
526 822 592 902 quid
608 821 755 883 observari
768 818 873 880 velles.
907 817 1009 897 Capita
1022 817 1107 895 legis,

104 923 163 973 tum
179 912 302 972 edictum
318 908 439 986 Augusti
452 907 554 968 litteris
570 906 689 967 subieci.

445 1024 557 1085 ιιιιιι.
570 1022 760 1103 [lxxmam

429 1121 592 1174 TRAIANUS
616 1122 723 1174 PLlNlO
747 1123 775 1174 S.
1117 1123 1150 1175 10

162 1211 391 1290 Interpretationi
417 1219 500 1289 tuae,
527 1216 564 1272 mi
585 1207 718 1271 Secunde
741 1207 886 1270 carissime
978 1204 1109 1266 existimo

83 1297 241 1358 lractenus
258 1293 353 1356 edicto
375 1295 433 1356 divi
451 1295 574 1374 Augrsti
596 1303 725 1355 novatam
746 1310 814 1354 esse
834 1289 932 1367 legem
946 1287 1110 1368 Pompeiam

104 1389 134 1441 nt
145 1381 335 1458 magistratum
351 1378 464 1459 quidem
478 1397 583 1457 capere
600 1385 721 1455 possent
734 1374 754 1435 ii
769 1375 817 1455 qui
830 1391 886 1434 non
898 1373 1026 1434 minores
1041 1371 1110 1432 duo·

103 1484 165 1525 rum
179 1474 209 1526 et
224 1465 324 1542 viginti
344 1480 478 1524 annorum
493 1471 609 1539 essent,
634 1471 663 1521 et
682 1460 730 1540 qui
745 1459 910 1537 cepissent,
932 1457 960 1515 in
982 1463 1109 1516 senatum

105 1551 243 1627 cuiusque
258 1547 379 1608 civitatis
393 1549 587 1627 peruenirent.
620 1541 756 1604 ceterum
769 1558 828 1602 non
843 1549 929 1620 capto
944 1541 1109 1617 magistratu
1118 1544 1150 1595 15

105 1650 156 1693 eos
172 1632 220 1710 qni
234 1631 358 1691 minores
381 1631 494 1708 triginta
513 1646 648 1691 annorum
667 1627 741 1704 sint,
769 1626 834 1704 quia
853 1625 1048 1701 magistratum
1064 1640 1108 1683 aa·

104 1732 176 1791 pere
197 1713 326 1790 possint,
350 1714 378 1772 in
408 1714 513 1773 curiam
541 1713 625 1773 etiam
652 1710 709 1770 loci
736 1710 874 1787 cuiusque
895 1724 954 1767 non
977 1708 1108 1766 existimo

103 1796 163 1873 legi
177 1812 275 1874 posse.

444 1875 569 1938 LXXXI.
592 1875 754 1956 [LXXXV.]

326 1974 353 2031 G.
372 1975 498 2028 PLINIUS
515 1976 661 2027 TRAIANO
677 1972 884 2026 IMPERATORI.
1117 1998 1151 2051 20

80 2091 94 2143 l
168 2075 238 2136 (lum
252 2076 358 2139 Prusae
374 2079 409 2140 ad
424 2078 591 2160 Olympum,
607 2080 737 2157 domine,
760 2077 885 2158 publicis
899 2078 1024 2156 negotiis
1038 2077 1109 2136 intra

105 2159 257 2240 hospitium
273 2162 376 2222 eodem
391 2163 438 2224 die
452 2165 579 2225 exiturus
594 2180 742 2240 vacarem,
756 2160 948 2240 Asclepiades
962 2162 1108 2238 magistra·

105 2252 151 2305 tus
172 2244 305 2306 indicavit
325 2245 499 2324 appellatum
518 2264 563 2306 me
583 2265 600 2307 a
622 2244 740 2306 Claude
760 2243 912 2323 Eumolpo.
948 2242 1020 2304 Cum
1035 2240 1109 2304 Goe-

107 2328 223 2388 eeianus
237 2326 312 2388 Dion
327 2330 355 2387 in
370 2328 437 2388 bule
452 2328 592 2407 adsignari
615 2330 720 2391 ciuitati
741 2345 814 2406 opus
830 2331 912 2389 cuius
930 2345 1027 2388 curam
1041 2344 1108 2403 ege·

105 2419 148 2468 rat
161 2409 269 2487 vellet,
285 2420 344 2470 tum
358 2409 517 2492 Eumolpus
531 2412 672 2474 adsistens
687 2412 785 2474 Flavio
801 2411 949 2491 Archippo
964 2410 1035 2471 dixit
1050 2411 1108 2470 exi-
1117 2419 1149 2470 25

105 2490 227 2568 gandam
242 2511 309 2554 esse
324 2512 340 2554 a
355 2493 448 2556 Dione
462 2498 601 2556 rationem
616 2496 713 2575 operis
734 2505 800 2558 ante
820 2513 902 2574 quam
916 2496 960 2555 rei
974 2493 1107 2574 publicae

79 2574 279 2654 suaderetur,
307 2578 382 2657 quod
403 2577 485 2639 aliter
504 2578 626 2639 iecisset
646 2597 681 2639 ac
701 2578 856 2640 debuisset.
886 2577 1003 2639 Adiecit
1025 2578 1109 2638 etiam

105 2678 173 2721 esse
198 2661 227 2720 in
248 2658 321 2722 aede
341 2664 462 2742 positam
486 2671 561 2722 tuam
587 2671 706 2723 statuam
727 2672 756 2723 et
777 2680 898 2742 corpora
918 2661 1108 2739 sepultorum,

105 2746 202 2807 uxoris
217 2744 317 2805 Dionis
332 2755 361 2807 et
375 2746 441 2823 lilii,
456 2743 668 2825 postulavitque
684 2755 714 2808 ut
730 2763 938 2824 cognoscerem
953 2763 1006 2825 pro
1021 2745 1109 2806 trihu·

80 2829 173 2893 tnali.
207 2828 291 2903 Quod
306 2846 369 2890 cum
385 2846 442 2908 ego
457 2846 503 2888 me
523 2831 652 2908 protinus
667 2829 805 2891 iacturum
820 2827 1027 2908 dilaturumque
1041 2837 1150 2908 pro-30

106 2911 261 2974 lectionem
274 2912 421 2992 dixissem,
437 2921 467 2973 ut
480 2912 640 2991 longiorem
656 2913 730 2973 diem
744 2912 780 2974 ad
791 2910 983 2975 instruendam
996 2929 1108 2973 causam

80 2993 203 3058 Adarem
222 3006 308 3074 utque
330 2999 359 3057 in
379 2995 434 3058 alia
449 2998 562 3058 civitate
577 3014 785 3075 cognoscerem
800 2998 891 3077 petiit.
919 2994 985 3074 Ego
1000 3014 1047 3057 me
1061 3012 1109 3056 au·

109 3075 228 3136 diturum
242 3078 368 3140 Nicaeae
382 3079 526 3159 respondi.
560 3080 616 3142 Ubi
632 3101 700 3142 cam
715 3079 914 3142 consedissem
930 3081 1107 3158 cogniturus,

105 3159 180 3220 idem
194 3158 363 3241 llumolpus,
379 3173 519 3242 tamquam
536 3165 583 3243 [si]
598 3164 690 3224 adhue
704 3181 802 3243 pamm
817 3166 983 3240 instructus,
999 3162 1107 3224 dilatio·

81 3255 170 3307 5nem
185 3253 286 3324 petere
302 3249 413 3324 eoepit:
435 3256 533 3309 contra
551 3246 626 3308 Dion
647 3256 679 3307 ut
697 3247 842 3309 audiretur
864 3249 994 3324 exigere.
1025 3244 1109 3307 Dicta
1116 3255 1150 3308 35

107 3337 171 3389 suut
186 3330 325 3406 utrimque
341 3329 443 3407 multa,
465 3333 549 3392 etiam
563 3331 599 3391 de
619 3346 712 3391 causa.
746 3329 811 3409 ligo
828 3349 891 3393 cum
907 3329 1026 3391 dandam
1041 3328 1108 3390 dila·

106 3411 212 3472 tionem
225 3421 257 3476 et
271 3421 300 3474 te
315 3412 519 3474 consulendum
533 3414 723 3476 existimarem
737 3415 765 3475 in
779 3433 812 3475 re
824 3414 859 3475 ad
870 3413 1034 3496 exemplum
1043 3431 1109 3495 per·
