2400 3840
67 183 129 249 aaa
377 162 381 168 ’
487 180 521 245 c.
539 181 635 242 rum

67 340 122 401 tito
136 348 201 398 ante
217 335 322 413 facies,
347 335 505 413 pn'ncipem
518 344 668 412 aequatam
687 333 841 395 candidatis
859 344 889 395 et
903 335 987 395 simul
1002 346 1074 396 stan·

67 440 125 483 sem
145 422 263 496 intueri,
289 437 386 498 parem
406 418 614 498 accipientibus
634 417 773 478 honorem
788 420 835 498 qni
852 418 943 478 dabat.
991 419 1074 494 Quod

67 505 171 566 factum
186 513 294 564 tuorna
311 512 414 563 cuncto
429 512 530 563 senatu
548 519 629 580 quam
643 520 713 562 uera
727 501 932 562 adclamatione
946 503 1074 564 celebra·

67 599 126 650 turn
141 596 186 650 est
201 593 290 648 ‘moto
302 589 406 664 maior,
420 595 497 647 tanto
513 584 687 663 augustior'!
701 585 772 647 Nam
783 585 906 646 cuinilril
918 587 953 647 ad
967 605 1073 665 augen-

68 672 133 732 dnm
147 672 292 749 fastigium
308 679 458 750 superest,
481 670 529 729 bic
545 687 601 729 uno
615 670 700 730 modo
718 687 853 730 crescere
872 680 988 749 potest,
1004 673 1029 732 si
1042 684 1096 734 set

67 758 131 836 ipsc
146 758 314 831 summittat,
330 772 450 815 securus
461 753 658 831 magnitudinis
669 771 746 814 suae.
762 751 865 831 Neque
877 757 953 814 enim
969 755 1005 815 ab
1016 755 1073 816 ullo

68 839 198 920 periculo
210 839 321 900 fortuna
332 839 489 918 principum
504 837 618 915 longius
635 837 717 898 abest
729 854 812 916 quam
820 836 995 898 humilitatis.
1008 838 1073 899 llibi

68 925 183 1005 quidem
202 941 257 983 non
279 932 333 982 tam
355 922 508 982 humanitas
530 931 577 982 tua
592 938 674 1000 qnam
689 922 808 981 intentio
825 922 887 981 eius
903 921 1073 983 admirabilis

67 1009 226 1069 videbatur.
248 1005 362 1084 Quippe
376 1022 440 1064 cnm
452 1005 570 1066 orationi
587 1003 689 1065 oculos
703 1022 806 1065 vocem
821 1021 934 1065 manum
949 1023 1073 1067 commo·
1169 1038 1172 1069 ι

68 1091 168 1166 dares,
184 1101 214 1151 ut
229 1091 253 1148 si
271 1089 318 1147 alii
334 1087 433 1147 eadem
446 1090 501 1149 ista
511 1088 693 1166 mandasses,
709 1104 809 1149 omnes
825 1091 966 1152 comitatis
978 1109 1073 1150 nume·
1084 1101 1110 1152 lo
1169 1104 1172 1155 ἕ

68 1190 115 1233 ros
138 1172 248 1233 obibus.
280 1172 377 1249 Atque
399 1173 498 1248 etiam,
521 1190 585 1232 cum
599 1174 711 1232 nomina
730 1172 949 1250 suffragatorum
963 1173 1073 1234 bonore
1170 1174 1173 1237 Ξ

68 1273 126 1336 qao
141 1254 235 1315 solent
250 1256 469 1333 exciperentur,
488 1267 518 1316 tu
534 1273 648 1334 quoque
664 1257 738 1316 inter
752 1258 932 1336 excipientes
950 1276 1027 1336 eras,
1045 1267 1074 1319 et
1170 1278 1174 1329 t

68 1360 106 1402 ex
122 1358 173 1400 ore
192 1341 330 1419 principis
346 1338 395 1399 ille
410 1342 569 1401 senatorius
585 1340 725 1400 adsensus
740 1341 923 1418 audiebatur,
940 1341 1074 1420 quodque
1171 1332 1174 1359 ³

68 1425 143 1504 apud
164 1427 321 1504 principem
341 1423 494 1503 perbibere
519 1425 710 1484 testimonium
732 1425 907 1486 merentibus
932 1425 1074 1502 gaudeba-

67 1529 146 1587 mus,
171 1509 373 1586 perhibebatur
393 1525 409 1567 a
430 1508 568 1587 principe.
602 1506 741 1569 Faciebas
762 1526 850 1586 ergo,
880 1526 944 1568 cum
959 1509 1113 1570 diceresli
1182 1546 1186 1558 ·

70 1595 207 1671 optimos:
230 1610 284 1653 nec
299 1594 425 1672 ipsorum
445 1592 531 1652 modo
545 1592 635 1651 vitea
656 1600 701 1668 te,
725 1591 778 1652 sed
800 1591 934 1652 iudicium
956 1603 1073 1654 senatus

71 1677 314 1755 conprobabatur,
344 1677 493 1755 ornarique
510 1694 560 1751 se,
584 1693 640 1734 uon
656 1674 722 1735 illos
743 1677 833 1753 magis
848 1693 921 1753 qnos
940 1674 1075 1737 laudabas

20 1758 58 1822 tt
71 1759 234 1820 laetabatur.
257 1757 327 1818 Nam
342 1758 417 1837 quod
434 1769 567 1836 precatus
581 1778 614 1819 es
625 1770 655 1819 ut
672 1758 720 1818 illa
734 1761 797 1839 ipsa
812 1759 949 1821 ordinatio
965 1763 1074 1821 comiti·

69 1861 148 1903 orum
163 1844 237 1903 bene
252 1860 285 1902 ac
300 1842 425 1902 feliciter
435 1845 563 1904 eveniret
575 1843 669 1919 nobis,
685 1844 727 1904 rei
740 1842 884 1922 publicae,
897 1844 959 1921 tibi,
978 1861 1075 1904 nonne
1175 1880 1178 1921 ,

68 1927 125 1987 tale
147 1936 191 1988 est
211 1936 241 1988 ut
256 1944 309 1987 nos
330 1926 405 1986 bunc
423 1926 549 1987 ordinem
567 1937 699 1987 votorum
712 1938 882 1988 convertere
897 1928 1051 1988 debeamus
1059 1924 1115 1988 ’ΜΟ

69 2012 139 2072 deos
160 2011 282 2091 denique
305 2011 459 2072 obsecrare
480 2021 510 2071 ut
532 2013 623 2071 omnia
644 2029 716 2089 quae
737 2011 810 2071 facis
832 2029 963 2090 quaeque
982 2011 1075 2072 facies

69 2113 210 2174 prospere
232 2097 332 2157 cedant
349 2095 416 2171 tibi,
437 2094 644 2174 reipublicae,
665 2091 769 2155 nobis?
791 2094 839 2155 vel
862 2097 886 2155 si
907 2096 1022 2156 brevius
1039 2098 1075 2156 sit

70 2181 236 2258 optandum,
253 2190 283 2240 ut
295 2183 340 2239 uni
352 2177 422 2240 tibi?
436 2182 535 2258 inquo
549 2189 578 2239 et
591 2198 639 2240 res
656 2178 770 2255 publica
781 2189 811 2241 et
822 2196 875 2255 nos
887 2198 995 2240 sumus.
1011 2179 1075 2240 Fuit
1173 2220 1177 2241 .

69 2273 200 2341 tempus,
228 2283 263 2324 ac
282 2265 396 2323 nimium
416 2263 462 2323 diu
477 2265 546 2341 fuit,
576 2280 633 2342 quo
649 2262 703 2323 alia
717 2262 854 2340 adversa,
881 2262 937 2323 alia
949 2263 1076 2324 secunda

68 2349 188 2426 principi
205 2358 234 2408 et
244 2347 341 2407 nobis:
356 2367 430 2408 nunc
445 2350 600 2408 communia
611 2348 661 2407 tibi
673 2349 821 2409 nobiscum
834 2356 889 2406 tam
900 2346 977 2408 laeta
993 2355 1114 2426 quamne
1175 2350 1178 2407 3

68 2432 175 2505 tristia,
198 2449 253 2489 nec
269 2433 359 2506 magis
375 2433 437 2492 sine
457 2442 486 2492 te
501 2450 553 2492 nos
568 2450 636 2492 esse
650 2431 753 2492 felices
770 2449 852 2509 quam
868 2439 898 2490 ιιι
913 2432 976 2491 sinc
991 2430 1075 2492 nobis
1175 2444 1178 2449 '

68 2521 162 2591 potes.
184 2511 244 2587 An,
263 2515 287 2571 si
302 2531 424 2590 posses,
440 2517 467 2574 in
483 2515 538 2574 dne
553 2525 684 2574 votorum
701 2515 857 2575 adiecisses
871 2525 902 2576 ut
920 2516 960 2574 ita
982 2517 1075 2592 preci·
1175 2502 1180 2531 ¹

68 2597 121 2657 bus
137 2597 192 2654 tuis
207 2595 243 2655 dii
260 2595 432 2674 adnuerent,
448 2599 472 2656 si
488 2597 622 2659 iudicium
636 2607 763 2659 nostrum
774 2599 878 2658 mereri
889 2615 1076 2676 perseveras·

68 2677 136 2743 ses?
158 2680 241 2741 Adeo
262 2678 330 2739 nihil
351 2679 402 2738 tibi
423 2697 519 2740 amore
543 2682 645 2740 civium
661 2684 801 2761 antiquius
814 2690 845 2742 ut
859 2691 924 2742 ante
942 2701 959 2742 a
979 2683 1074 2759 nobis,

68 2765 170 2827 deinde
186 2783 202 2825 a
218 2765 288 2842 diis,
303 2774 389 2843 atque
404 2765 441 2824 ita
458 2764 492 2824 ab
508 2763 564 2824 illis
580 2767 664 2825 amari
678 2767 770 2844 velis,
788 2767 813 2826 si
827 2784 844 2827 a
860 2765 943 2826 nobis
960 2766 1115 2826 amorietto
1178 2794 1181 2833 ;

66 2849 104 2910 Ει
115 2869 184 2911 sane
195 2853 321 2927 priorum
335 2850 494 2928 principum
510 2851 601 2910 exitus
614 2849 710 2910 docuit
722 2869 759 2910 ne
771 2868 788 2909 a
800 2850 853 2910 diis
865 2849 981 2928 quidem
990 2850 1076 2909 amari
1176 2842 1181 2901 i

66 2935 121 2993 nisi
137 2950 209 3011 quos
224 2934 353 2994 homines
369 2944 471 2994 ament.
504 2933 630 2994 Arduum
652 2944 712 2994 erat
732 2935 783 2994 bas
807 2934 990 3012 precationes
1012 2942 1075 2993 tuas

68 3014 197 3076 laudibus
217 3019 391 3097 adaequare:
415 3018 633 3095 adaequavimus
654 3027 755 3078 mmen.
785 3017 1073 3094 antemuranum,

69 3099 117 3177 qui
132 3099 252 3177 stimuli,
276 3120 348 3180 quae
364 3101 445 3162 faces
460 3100 524 3160 illas
538 3103 622 3162 nobis
637 3100 860 3162 exclamationes
876 3099 1074 3161 subiecerunt!

67 3180 133 3243 Non
149 3185 256 3257 nostri,
279 3184 402 3264 Caesar,
418 3186 541 3264 ingenii,
557 3185 610 3246 sed
623 3195 689 3246 tuae
703 3187 815 3246 virtutis
830 3195 1002 3264 tuorumque
1016 3189 1113 3244 me·35
1178 3260 1181 3265 Ι

67 3270 184 3328 ιίιοιιιιιι
204 3283 296 3326 voces
315 3269 445 3345 fuerunt,
472 3287 543 3348 quas
562 3267 639 3328 nulla
659 3286 790 3347 umquam
810 3268 934 3329 adulatio
955 3269 1073 3344 invenit,

67 3352 160 3411 nullus
176 3352 341 3428 cuiusquam
356 3361 448 3412 terror
463 3355 616 3432 expressit.
641 3352 732 3425 Quem
744 3354 786 3412 sic
802 3354 942 3412 timuimus
958 3360 989 3411 ut
1002 3350 1076 3412 baec

68 3430 260 3514 lingeremus?
282 3452 367 3513 quem
382 3437 424 3494 sic
438 3439 590 3498 amavimus
606 3445 636 3497 ut
650 3437 722 3496 baec
738 3432 912 3496 fateremur?
926 3433 1012 3496 Nosti
1026 3453 1075 3495 ne·
