2400 3848
378 174 681 254 nrrsronnuunr.
702 201 744 255 13.
763 202 805 255 m.
1055 188 1095 254 ta

86 346 156 406 tiam
172 361 263 404 meam
284 343 526 404 exhortationibus
542 344 664 423 foverit,
691 345 792 424 quibus
814 346 897 405 etiam
914 343 1043 404 laudibus
1065 354 1095 403 ut

87 427 245 489 laudandus
262 427 376 490 viderer
392 428 531 488 ellecerit.
566 427 643 488 Nihil
658 429 792 507 estquod
810 437 871 488 ate
887 427 1010 487 mandari
1026 425 1118 490 mitia

88 520 138 572 aut
150 513 239 572 maius
256 521 303 572 aut
317 513 434 590 gratius,
449 510 517 571 nihil
531 511 606 590 quod
620 512 767 572 honestius
782 530 798 572 a
811 529 857 572 me
875 512 984 589 suscipi
1002 513 1095 589 possit

89 613 174 674 quam
188 605 218 655 ut
234 595 338 673 eligam
349 596 480 656 iuvenem
491 613 529 655 ex
540 613 597 674 quo
611 597 691 657 nasci
700 605 823 674 nepotes
833 594 960 654 Aruleno
974 593 1094 656 Rustico

65 680 204 741 sdeceat.
240 678 295 751 Qui
313 678 426 756 quidem
447 678 493 739 diu
514 679 693 757 quaerendus
713 678 832 755 luisset,
860 678 914 738 nisi
930 686 1044 757 paratus
1066 687 1121 741 eta

89 764 172 843 quasi
185 764 317 842 provisus
333 772 414 823 esset
427 761 559 823 Minicius
572 762 736 840 Acilianus,
759 763 806 841 qui
823 780 869 822 me
882 770 913 822 ut
927 763 1037 823 iuvenis
1052 763 1093 820 iu·

88 865 195 907 venem
217 848 277 926 (est
298 848 372 907 enim
391 848 482 906 minor
502 845 633 926 pauculis
647 848 742 927 annis)
758 844 974 906 familiarissime
990 844 1092 923 diligit,

88 939 241 991 reveretur
255 940 285 991 ut
301 947 408 990 senem.
445 928 516 990 Nam
534 931 573 990 ita
587 930 701 990 formari
715 949 731 990 a
745 949 791 990 me
806 938 835 989 et
849 929 956 990 institui
972 930 1050 1008 eupit
1064 938 1094 989 ut

89 1031 149 1091 ego
163 1032 180 1074 a
193 1015 277 1074 vobis
292 1013 429 1075 solebam.
452 1013 543 1075 Patria
557 1023 602 1074 est
617 1015 644 1074 ei
660 1014 753 1074 Brixia
769 1032 807 1074 ex
820 1012 869 1073 illa
887 1022 984 1073 nostra
1000 1011 1118 1091 ltalia,4

43 1103 164 1177 [oquae
181 1096 299 1158 multum
318 1096 410 1159 adhuc
427 1097 635 1176 verecundiae,
657 1097 826 1175 frugalitatis
846 1105 932 1174 atque
949 1097 1033 1156 etiam
1048 1114 1093 1156 ru·

47 1191 54 1198 ’
90 1183 222 1244 sticitatis
237 1183 368 1260 antiquae
384 1183 489 1242 retinet
502 1200 537 1242 ac
556 1191 662 1242 serrat.
692 1181 777 1243 Pater
791 1180 922 1242 llinicius
937 1179 1116 1258 Macrinus,5

90 1267 236 1344 equestris
258 1265 364 1326 ordinis
379 1267 532 1344 princeps,
556 1267 620 1344 quia
639 1265 708 1325 nihil
730 1265 814 1326 altius
828 1264 934 1325 voluit:
962 1263 1092 1325 adlectus

90 1351 166 1409 enirn
181 1367 197 1408 a
211 1350 277 1410 diro
287 1348 467 1426 Vespasiano
479 1351 553 1409 inter
564 1351 723 1426 praetorios
733 1348 882 1409 honestam
892 1349 1016 1427 quietem
1027 1347 1094 1408 huic

90 1441 206 1492 nostrae
222 1432 366 1492 ambitioni
387 1431 477 1491 dicam
497 1450 532 1490 an
553 1431 680 1508 dignitati
704 1433 930 1492 constantissime
951 1431 1093 1509 praetulit.

43 1526 81 1579 15
89 1515 185 1576 llabet
205 1516 295 1574 aviam
316 1525 468 1576 maternam
488 1514 635 1574 Serranam
651 1514 799 1574 Proculam
814 1533 831 1576 c
847 1515 999 1592 municipio
1015 1514 1117 1575 Pata-6

91 1601 168 1658 vino.
192 1597 275 1659 Nosti
288 1597 346 1658 loci
360 1615 470 1658 mores:
485 1598 606 1659 Serrana
620 1607 714 1659 tamen
726 1599 866 1661 Patavinis
881 1614 995 1676 quoque
1010 1617 1094 1659 seve·

91 1683 182 1743 ritatis
198 1681 360 1761 exemplum
374 1691 429 1744 est.
452 1681 577 1760 Contigit
592 1692 621 1742 et
636 1681 791 1743 avunculus
803 1684 831 1743 ei
845 1682 875 1741 P.
891 1681 1013 1760 Acilius,
1030 1700 1093 1760 gra·

90 1769 179 1827 vitate
199 1765 346 1846 prudentia
370 1766 424 1826 irde
446 1783 537 1845 propo
558 1765 703 1846 singulari.
733 1767 899 1844 lusumma,
914 1765 982 1825 nihil
997 1768 1051 1827 erit
1065 1769 1093 1825 in

91 1851 177 1911 domo
198 1859 257 1910 tota
278 1848 355 1928 quod
374 1867 430 1909 non
453 1850 504 1910 tibi
525 1859 664 1928 tamquam
687 1852 715 1909 in
737 1861 785 1912 tua
805 1850 928 1929 placeat.
962 1849 1118 1911 Aciliano?

49 1947 161 2001 aorero
176 1935 232 2013 ipsi
248 1932 397 2013 plurimum
412 1935 520 2011 vigoris
542 1933 712 2011 industriae,
742 1951 908 2013 quamquam
926 1935 956 1992 in
975 1935 1093 1994 munima

91 2018 275 2080 verecundia.
314 2015 500 2090 Quaesturam
520 2019 689 2077 tribunatum
709 2027 868 2096 praeturam
892 2015 1094 2078 honestissime

91 2102 272 2182 percucurrit
294 2119 328 2160 ac
345 2101 400 2160 iam
414 2117 466 2180 pro
487 2119 520 2162 se
534 2101 586 2161 tibi
604 2103 807 2170 necessitatem
820 2099 959 2160 ambiendi
976 2101 1093 2161 remisit.

91 2185 146 2246 Est
159 2185 201 2245 illi
216 2185 306 2245 iacies
322 2182 460 2262 liberalis,
476 2184 564 2244 multo
579 2185 734 2262 sanguine,
749 2182 837 2244 multo
855 2182 1118 2262 rubore'sullusa,8

92 2279 138 2331 est
158 2271 280 2348 ingenua
301 2269 388 2329 totius
409 2269 539 2348 corporis
561 2267 741 2348 pulchritudo
759 2277 789 2328 et
809 2267 918 2347 quidam
933 2269 1092 2329 senatorius

49 2353 191 2424 asdecor.
216 2351 297 2426 Quae
310 2370 369 2430 ego
383 2370 560 2432 nequaquam
573 2353 695 2413 arbitror
708 2351 903 2431 neglegenda:
919 2351 1005 2412 debet
1020 2352 1094 2412 euim

91 2439 149 2499 hoc
159 2438 279 2499 castitati
293 2435 451 2516 puellarum
464 2438 544 2516 quasi
552 2439 708 2517 praemium
719 2438 786 2497 dari.
807 2435 915 2497 Nescio
927 2454 962 2496 au
974 2435 1117 2499 adiciam9

92 2540 160 2583 csse
176 2522 325 2601 patricius
340 2519 447 2600 amplas
463 2521 624 2582 facultates.
646 2520 716 2582 Nam
728 2539 792 2581 cum
808 2521 946 2598 imaginor
958 2538 1013 2581 vos
1033 2521 1095 2598 qui·

91 2606 146 2668 bus
162 2607 323 2685 quaerimus
339 2623 493 2683 generum,
515 2605 655 2685 silendum
672 2606 708 2667 da
723 2605 903 2666 facultatibus
918 2614 1003 2682 puto:
1031 2621 1096 2663 cum

90 2689 224 2770 publicos
239 2706 335 2750 mores
346 2698 432 2768 atque
449 2691 532 2750 etiam
546 2689 631 2767 leges
645 2691 765 2751 civitatis
782 2691 906 2766 intueor,
919 2704 992 2766 quae
1007 2685 1056 2746 vel
1067 2687 1095 2743 in

47 2776 189 2855 30primis
205 2792 309 2834 census
330 2772 472 2833 hominum
485 2774 659 2852 spectandos
676 2775 861 2849 arbitrantur,
881 2790 918 2831 ne
938 2769 967 2830 id
981 2769 1095 2848 quidem

91 2856 329 2938 praetercundum
346 2856 466 2918 ridetur.
501 2856 539 2918 lit
556 2877 624 2919 sane
646 2857 682 2917 de
703 2858 828 2935 posteris
850 2864 879 2915 et
899 2853 943 2914 his
965 2852 1094 2932 pluribus

92 2943 229 3021 cogitanti
248 2941 296 3002 hic
318 2958 432 3020 quoque
447 2942 475 3000 in
491 2941 698 3002 conditionibus
714 2939 874 3018 deligendis
885 2937 1035 3017 ponendus
1050 2946 1096 2998 est

91 3025 229 3088 calculus.
250 3023 292 3084 l'u
306 3024 430 3087 fortasse
441 3043 487 3085 me
503 3035 587 3104 putes
601 3024 754 3086 indulsisse
768 3024 856 3084 amori
869 3039 934 3082 meo
951 3034 1096 3100 supraque
1104 3031 1138 3084 1⁰

89 3113 145 3172 ista
156 3127 239 3189 quam
255 3127 303 3169 res
318 3110 423 3187 patitur
436 3109 596 3171 sustulisse.
632 3109 672 3169 At
687 3126 744 3186 ego
761 3106 816 3168 lide
830 3124 893 3166 mea
907 3106 1037 3185 spondeo
1051 3104 1094 3163 iu·

45 3205 80 3260 35
88 3205 182 3256 turum
197 3202 228 3254 ut
245 3194 336 3253 omnia
356 3192 444 3270 longe
464 3193 600 3272 ampliora
615 3211 697 3272 quam
711 3211 727 3252 a
743 3211 788 3253 me
803 3191 1001 3271 praedicantur
1014 3190 1094 3248 inve·

89 3281 160 3339 nias.
182 3276 281 3356 Diligo
294 3277 407 3355 quidem
418 3276 633 3339 adulescentem
643 3275 850 3354 ardentissime,
868 3277 941 3350 sicut
955 3280 1094 3340 meretum

89 3362 143 3424 sed
159 3362 215 3422 hoo
230 3363 322 3440 ipsum
339 3362 455 3421 amantis
471 3369 526 3441 est,
541 3379 598 3421 nou
613 3377 731 3426 onerant
747 3379 810 3421 cum
825 3359 964 3420 laudibus.
994 3353 1075 3415 Vale.
1146 3413 1149 3454 ζ
