2400 3848
270 203 275 213 '
358 210 622 274 EPISTULARUM
636 213 672 272 v.
694 224 720 277 e.
744 215 821 293 (nr.)
1051 212 1092 275 99

90 363 156 440 ipso
171 362 283 425 diversa
303 365 379 444 quod
401 367 518 425 maxima
542 364 709 425 confundam
729 365 936 444 misceamque,
960 384 997 426 ne
1017 375 1092 425 tanta

91 448 172 526 quasi
196 446 358 509 colluvione
373 449 500 508 turbatus
515 447 554 508 ibi
569 447 669 510 laciam
684 448 760 527 quod
773 448 821 510 bic
835 449 945 518 debeo;
967 448 1091 527 ideoque

89 531 200 589 interim
214 531 341 608 veniam,
362 550 398 591 ne
417 550 434 592 a
454 531 526 592 meis
545 531 642 592 verbis
665 531 814 608 recedam,
836 532 992 592 advocandi
1011 541 1091 610 peto.

90 611 133 671 Tu
150 623 244 673 tamen
264 615 318 673 iam
333 632 409 675 nuuc
432 616 527 693 cogita
549 633 621 694 quae
641 616 818 694 potissimum
840 624 968 695 tempora
990 622 1133 693 eggis-12

65 695 159 762 5diar.
192 695 299 758 Vetera
320 708 349 758 et
369 699 475 777 scripta
499 695 582 760 aliisi
608 708 704 777 parata
719 698 880 777 inquisitio,
902 698 956 758 sed
971 716 1092 762 onerosa

91 778 222 840 collatio:
248 780 352 843 intacta
364 789 393 841 et
410 777 504 841 noro?
531 782 780 860 musellenses,
802 781 875 842 levis
891 779 990 859 gralia.
1021 781 1091 842 Nam
1101 788 1134 842 13

90 873 206 940 praeter
223 862 252 922 id
268 864 344 941 quod
358 864 387 923 in
407 866 491 925 tantis
511 865 587 925 vitiis
611 864 753 925 hominum
776 865 857 944 plura
873 863 1011 943 culpanda
1027 874 1092 925 sunt

90 964 174 1024 quam
186 945 337 1024 laudanda,
359 957 434 1025 tum,
452 949 477 1008 si
491 947 666 1026 laudaveris,
683 967 804 1028 parcus,
821 949 846 1010 si
863 948 1035 1027 culpaveris,
1050 949 1092 1006 ni·

88 1031 161 1088 mius
177 1028 268 1091 iuisse
283 1030 400 1099 dioaris;
422 1031 548 1110 quamvis
569 1027 640 1090 illud
659 1031 842 1112 plenissime,
867 1031 924 1092 boo
937 1032 1091 1092 restrictis·

48 1129 81 1182 10
91 1113 163 1173 simo
179 1113 296 1174 leceris.
327 1114 385 1174 Sed
400 1113 472 1175 haec
489 1133 534 1174 me
555 1132 612 1174 non
626 1115 782 1177 retardant:
805 1125 850 1177 est
866 1115 941 1175 enim
956 1114 1023 1174 mibi
1038 1119 1131 1192 proli

90 1195 146 1257 lldo
156 1198 224 1258 satis
232 1197 323 1256 animi.
345 1196 419 1256 Illud
427 1207 508 1276 peto,
522 1208 702 1277 praesternas
718 1198 753 1259 ad
768 1199 844 1278 quod
853 1199 973 1260 hortaris
988 1197 1091 1276 eligas-

71 1352 74 1357 *
91 1298 148 1358 que
163 1280 324 1357 materiam,
339 1299 376 1340 ne
390 1280 457 1340 mibi
471 1282 526 1340 iam
538 1282 668 1342 seribere
685 1293 784 1360 parato
799 1282 852 1343 alia
864 1300 962 1343 rursus
978 1290 1091 1343 cuncto·

89 1363 176 1423 tionis
192 1371 222 1423 et
235 1379 331 1424 morae
344 1363 418 1423 iusta
431 1365 502 1422 ratio
517 1373 658 1424 nascatur.
689 1363 770 1424 Vale.

488 1493 578 1555 vuu.
592 1494 692 1574 [xxi]

393 1592 419 1646 G.
441 1589 566 1643 PLINIUS
584 1592 668 1643 RUFO
685 1592 745 1643 SUO
762 1593 790 1643 S.

154 1692 367 1754 Descenderam
382 1695 411 1753 in
427 1693 571 1755 basilicam
585 1694 700 1772 luliam,
722 1693 865 1756 auditurus
883 1694 984 1773 quibus
996 1695 1093 1774 proxi·
1101 1709 1117 1762 1

90 1796 135 1839 ma
156 1777 452 1856 comperendinatione
473 1778 650 1858 respondere
673 1777 822 1838 debebam.
855 1778 999 1838 Sedebant
1022 1777 1117 1844 iudi-2

91 1880 161 1939 ces,
182 1860 337 1921 decemviri
359 1871 512 1940 venerant,
539 1862 763 1923 obversabantur
780 1861 926 1939 advocati,
950 1861 1091 1922 silentium

47 1944 222 2022 aotongum,
243 1943 355 2005 tandem
375 1954 541 2023 apraetore
561 1947 685 2005 nuntius.
712 1944 893 2005 bimittuntur
914 1947 1089 2022 centumviri,

88 2028 219 2088 eximitur
232 2028 305 2105 dies,
320 2045 366 2087 me
379 2027 538 2106 gaudente,
561 2031 609 2107 qui
623 2045 772 2106 numquam
790 2027 830 2087 ita
847 2036 961 2106 paratus
981 2047 1044 2087 sum
1061 2035 1091 2086 ut

87 2128 146 2171 non
159 2128 237 2170 mora
253 2110 354 2171 laeter.
387 2109 479 2172 Causa
494 2109 635 2170 dilationis
649 2109 750 2189 Nepos
768 2119 900 2187 praetor,
917 2111 964 2188 qui
976 2110 1116 2186 legibusa

89 2195 206 2274 quaerit.
229 2193 420 2273 Proposuerat
440 2196 530 2255 breve
551 2194 691 2272 edictum,
712 2193 879 2253 admouebat
893 2202 1089 2270 accusatores,

88 2277 256 2338 admouebat
272 2295 341 2339 reos
361 2288 563 2339 exsecuturum
583 2296 616 2338 se
638 2297 710 2357 quae
733 2285 848 2338 senatus
868 2275 998 2337 consulto
1022 2293 1089 2337 oon-

47 2363 255 2434 25tiuerentur.
296 2360 417 2423 Suberat
445 2362 540 2422 edicto
561 2370 676 2424 senatus
699 2360 874 2422 consultum:
900 2360 957 2420 hoe
978 2374 1115 2437 omues,4

90 2446 217 2524 quisquis
237 2447 382 2522 negotium
404 2445 540 2523 baberet,
564 2447 656 2507 iurare
679 2446 758 2524 prius
778 2463 862 2525 quam
876 2453 995 2522 agerent
1009 2444 1088 2504 iube-

89 2529 189 2589 bantur
209 2527 277 2588 nibil
297 2548 330 2589 se
352 2529 389 2588 ob
409 2528 623 2590 advocationem
644 2530 773 2608 cuiquam
794 2527 911 2589 dedisse
922 2528 1089 2606 promisisse
1110 2555 1114 2565 ·

90 2613 212 2673 cavisse.
240 2610 290 2672 llis
306 2613 380 2672 cuim
393 2612 490 2674 verbis
502 2631 538 2673 ac
555 2611 633 2672 mille
648 2621 798 2692 praeterea
810 2621 839 2672 et
852 2612 951 2672 venire
968 2610 1089 2671 advoca·

88 2696 182 2756 tiones
198 2703 228 2755 et
242 2697 297 2755 emi
310 2694 486 2756 vetabantur.
518 2695 644 2757 Peractis
658 2704 751 2756 tamen
767 2696 891 2774 negotiis
906 2691 1088 2771 permitteba-

44 2787 134 2849 sotur
147 2779 297 2858 pecuniam
310 2777 450 2840 dumtaxat
465 2779 566 2840 decem
585 2778 691 2838 milium
712 2778 788 2838 dare.
820 2777 883 2837 lloo
898 2776 975 2836 lacto
990 2773 1114 2852 Nep0·5

87 2863 125 2924 tis
142 2871 299 2923 commotus
314 2871 428 2941 praetor
445 2863 493 2941 qul
508 2861 754 2922 centumviralibus
767 2859 961 2939 praesidebat,
980 2856 1087 2918 delibe-

86 2954 198 3006 raturus
213 2963 248 3005 au
263 2955 434 3025 sequeretur
449 2945 628 3024 exemplum,
650 2944 822 3022 inopinatum
835 2942 917 3005 nobis
937 2941 1024 3000 otium
1039 2941 1088 3001 de-

87 3028 139 3089 dit.
170 3027 286 3090 lnterim
308 3037 367 3090 tota
389 3029 503 3089 civitate
517 3026 639 3106 Nepotis
660 3026 784 3087 edictum
805 3025 928 3104 carpitur
952 3023 1115 3092 laudatur.6

77 3110 168 3172 ‚llulti
184 3112 352 3172 ‘invenimus
367 3112 415 3190 qui
430 3127 517 3172 curva
534 3112 700 3188 corrigeret.
724 3106 819 3185 Quid?
836 3116 901 3169 ante
915 3107 990 3168 huuc
1004 3127 1086 3188 prae·

43 3205 168 3260 dotores
189 3213 246 3256 uon
265 3190 399 3256 luerunt?
420 3197 482 3275 quis
505 3204 598 3255 autem
615 3195 662 3253 bic
685 3203 730 3254 est
745 3194 793 3273 qui
808 3191 939 3253 emendet
953 3191 1087 3272 publicos

87 3275 225 3340 mores‘l’
259 3279 316 3340 Alii
338 3287 435 3339 contra
457 3279 630 3339 ‘rectissime
648 3277 731 3338 iecit:
759 3278 876 3338 initurus
895 3277 1087 3354 magistratum

86 3365 149 3424 iura
163 3365 314 3441 cognovit,
327 3371 442 3424 senatus
458 3361 587 3424 consulta
602 3360 689 3438 legit,
705 3361 831 3439 reprimit
846 3359 1024 3420 foedissimas
1038 3375 1087 3437 pa·

88 3447 218 3527 ctioues,
243 3464 305 3508 rem
325 3444 542 3525 pulchenr'nnam
568 3444 730 3521 turpissime
755 3446 853 3505 venire
880 3461 937 3504 uon
960 3442 1086 3520 patitur?

198 3547 200 3551 .
722 3552 724 3557 .
878 3559 881 3563 ,
907 3532 924 3559 ’tl

48 1540 80 1594 15
