2400 3840
98 173 160 238 194
519 169 554 231 G.
576 167 696 231 Pthl.

99 346 166 407 que,
183 326 301 403 agnosci
318 341 369 400 se,
385 323 470 383 amari
487 331 582 401 putat,
598 331 670 382 amat
684 323 766 400 ipse:
782 328 883 381 neuter
897 320 991 398 timet,
1008 330 1107 381 neuter

73 414 227 472 'ttimeturz
253 407 336 467 huius
358 405 476 484 fiducia,
499 405 685 466 mansuetudo
706 405 782 464 illius
803 414 933 482 augetur.
967 403 1107 465 Necnon

100 493 145 554 alii
163 493 243 572 pueri
260 491 360 552 dextra
381 491 520 569 laeuaque
542 489 624 550 simul
641 498 710 550 eunt
725 488 872 550 hortantes
888 496 1106 568 monentesque.

99 577 161 638 lhat
176 595 229 636 una
244 575 287 655 (id
304 592 421 655 quoque
436 573 551 652 mirum)
568 572 717 652 delphinus
734 573 822 650 alius,
838 581 945 633 tantum
960 581 1108 651 spectator

101 671 130 724 et
152 678 258 721 comes.
293 657 368 720 Nihil
386 659 459 719 enim
479 657 571 719 simile
587 665 633 718 aut
648 656 773 717 faciebat
788 664 835 718 aut
854 655 1031 735 patiebatur,
1056 655 1131 717 sedt

72 745 219 812 saltemm
232 744 311 804 illum
328 743 451 804 ducebat
471 740 705 820 reducebatque,
723 749 754 801 ut
774 757 895 820 puerum
911 741 1003 800 ceteri
1018 742 1107 820 pueri.

100 828 285 905 Incredibile,
302 837 357 888 tam
368 844 467 888 verum
478 835 572 886 tamen
585 843 667 904 quarn
681 826 787 903 priora,
804 823 969 905 delphinum
984 832 1109 902 gestato·

100 931 161 975 rem
182 913 421 990 conlusoremque
442 927 597 989 puerorum
618 910 646 969 in
668 918 770 969 terram
791 925 907 987 quoque
930 909 1042 968 extrahi
1064 926 1109 969 so-

99 999 179 1058 litum
197 997 367 1072 harenisque
388 996 542 1070 siccatum,
569 993 617 1053 ubi
636 991 819 1069 incaluisset,
841 995 870 1052 iu
889 1010 968 1052 mare
989 992 1109 1052 revolvi,

73 1080 219 1146 deuastat
232 1078 380 1137 Octavium
390 1076 515 1154 Auitum,
533 1076 659 1154 legatum
670 1094 724 1156 pro
736 1074 867 1154 consule,
883 1077 913 1135 iu
923 1075 993 1137 litus
1005 1075 1109 1136 educto
1119 1089 1150 1142 10

99 1163 239 1240 religione
255 1179 342 1239 prava
355 1158 553 1240 superfudisse
567 1168 751 1238 unguentum,
768 1162 848 1222 cuius
863 1159 942 1220 illum
956 1161 1110 1221 novitatem

101 1245 277 1325 odoremque
292 1248 321 1306 iu
337 1243 423 1305 altum
438 1244 582 1322 refugisse
600 1261 654 1304 nec
669 1245 723 1304 uisi
736 1254 803 1323 post
818 1243 923 1305 multos
941 1243 1005 1306 dies
1020 1246 1111 1307 visum

102 1328 264 1409 languidum
279 1338 309 1390 et
321 1338 469 1405 maestum,
486 1345 554 1389 mox
569 1327 686 1388 redditis
700 1328 807 1388 viribus
823 1330 949 1406 priorem
965 1327 1111 1390 lasciuiam

56 1429 94 1481 10
103 1425 131 1477 et
146 1414 230 1478 solita
243 1416 396 1476 ministeria
410 1414 563 1492 repetisse.
596 1408 782 1472 Confluebant
796 1429 895 1472 omnes
911 1410 946 1472 ad
957 1422 1111 1490 spectacu-

101 1500 159 1561 lum
175 1501 371 1577 magistratus,
395 1516 514 1577 quorum
530 1495 654 1556 adventu
672 1503 701 1555 et
713 1513 792 1556 mora
805 1495 919 1556 modica
932 1514 981 1556 res
995 1495 1148 1576 publicula

101 1586 182 1644 novis
205 1582 364 1661 sumptibus
392 1582 574 1642 atterebatur.
615 1578 763 1640 Postremo
789 1580 870 1641 locus
894 1579 960 1658 ipse
986 1583 1112 1660 quietem

102 1684 180 1728 suam
195 1675 396 1743 secretumque
408 1663 558 1743 perdebat.
577 1662 687 1724 Placuit
704 1663 819 1725 occulte
839 1664 963 1726 interfici
983 1665 1020 1726 ad
1035 1663 1111 1746 quod

59 1762 92 1815 11
104 1748 243 1809 coibatur.
266 1747 345 1809 llaec
357 1755 387 1808 tu
397 1766 452 1826 qua
460 1749 653 1825 miseratione,
669 1766 726 1827 qua
738 1751 821 1828 copia
836 1748 970 1828 deflebis,
985 1750 1109 1824 amabis,

101 1830 230 1894 attolles!
253 1830 426 1910 Quamquam
441 1850 498 1892 uon
513 1841 558 1893 est
570 1847 642 1908 opus
656 1832 780 1910 adfingas
792 1831 897 1911 ahquid
907 1841 955 1893 aut
965 1832 1110 1896 adstruas:

101 1916 257 1978 sollicitae
274 1935 308 1978 ea
324 1934 397 1995 quae
414 1926 479 1978 sunt
494 1934 564 1978 vera
579 1916 745 1976 minuantur.
780 1915 859 1976 Vale.
1119 1926 1152 1980 ht

534 2048 680 2111 XXXllll.
1003 2087 1027 2136 ,a

354 2149 381 2201 O.
401 2148 525 2202 PLINIUS
540 2148 745 2210 TRANQUILLO
764 2148 825 2202 SUO
841 2147 868 2206 S.

75 2268 91 2319 1
160 2251 282 2331 Explica
296 2260 405 2313 aestum
425 2269 526 2312 meum.
558 2251 652 2312 Audio
673 2269 719 2312 me
739 2251 813 2312 male
828 2251 948 2330 legere,
970 2251 1112 2314 dumtaxat

100 2352 217 2402 versum
244 2338 386 2396 orationes
405 2335 479 2394 enim
501 2335 694 2414 commodius,
718 2335 771 2396 sed
791 2344 868 2396 tanto
890 2336 981 2396 minus
997 2349 1152 2404 versuum

102 2416 208 2493 Cogito
224 2434 307 2495 ergo,
320 2421 489 2479 recitatums
507 2418 689 2480 familiaribus
703 2421 818 2497 amicis,
837 2421 963 2499 experiri
979 2420 1112 2482 libertum

102 2518 203 2560 meum.
225 2499 288 2560 Hoc
305 2518 419 2580 quoque
439 2501 574 2562 familiare
596 2503 673 2581 quod
687 2503 764 2581 elegi
779 2520 836 2563 non
851 2503 925 2564 bene
942 2503 997 2565 sed
1008 2505 1111 2566 melius

75 2585 258 2662 electurum,
280 2585 304 2644 si
324 2593 418 2644 tamen
437 2601 493 2644 non
507 2585 592 2645 luerit
606 2588 796 2664 perturbatus.
828 2586 882 2649 Est
897 2589 973 2648 enim
987 2597 1044 2650 tam
1060 2607 1109 2650 no-

102 2690 154 2731 vus
175 2668 270 2732 lector
288 2687 370 2748 quam
388 2685 445 2746 ego
462 2675 559 2748 pocta.
588 2668 656 2750 lpse
671 2672 770 2733 nescio
789 2672 856 2751 quid
870 2670 919 2732 illo
933 2671 1055 2750 legente
1070 2675 1110 2734 iu-

101 2757 183 2816 terim
198 2755 309 2834 faciam,
325 2754 441 2817 sedeam
454 2752 563 2815 defixus
574 2764 666 2817 mutus
683 2765 711 2815 et
725 2755 823 2817 similis
835 2758 928 2817 otioso
942 2775 988 2835 an,
1006 2765 1037 2818 ut
1050 2758 1153 2836 qui-30

102 2838 181 2918 dam,
198 2858 271 2920 quae
292 2839 481 2918 pronuntiabit
502 2857 642 2901 murmure
659 2839 750 2900 oculis
764 2858 845 2900 manu
861 2858 1031 2921 prosequar.
1053 2840 1113 2901 Sed

101 2932 170 3000 puto
192 2941 238 2983 me
258 2941 315 2985 non
328 2925 420 2985 minus
434 2923 508 2984 male
524 2923 629 2985 saltare
643 2942 725 3003 quam
744 2923 855 3002 legere.
885 2924 993 2986 Iterum
1007 2925 1110 3003 dicam,

103 3006 217 3084 explica
230 3016 338 3068 aestum
353 3026 445 3069 meum
459 3026 587 3087 vereque
602 3009 733 3069 rescribe
744 3026 810 3069 num
819 3011 857 3070 sit
868 3009 969 3071 melius
983 3010 1111 3090 pessime

100 3087 202 3165 legere
218 3108 301 3170 quam
314 3094 368 3153 ista
382 3091 430 3153 uel
444 3110 501 3153 non
516 3091 612 3152 lacere
625 3092 673 3152 vel
689 3091 795 3154 lacere.
818 3089 901 3156 Valess

546 3225 661 3288 XXXV.

411 3324 438 3378 o.
459 3323 585 3376 nunnius
603 3323 700 3375 numo
719 3324 779 3378 suo
793 3325 820 3380 s,

76 3433 91 3483 1
163 3422 276 3485 Librum
288 3443 372 3506 quem
386 3428 486 3487 misisti
497 3427 597 3506 recepi
613 3436 642 3487 et
656 3428 762 3508 gratias
776 3446 841 3506 ago.
863 3426 930 3489 Sum
944 3437 1039 3490 tumen
1053 3430 1110 3492 hoc

1118 3187 1153 3242 35
