2400 3840
522 156 555 219 G.
577 156 674 218 PIINI

320 342 355 426 o.
384 341 493 424 rum
522 339 678 423 omem
705 336 881 421 suorum

217 503 248 616 ll
290 505 321 615 Ρ
365 504 384 615 l
426 504 450 615 l
496 505 525 615 l
567 503 602 617 U
643 503 669 615 b
713 503 745 614 l
786 501 822 613 ll
861 499 898 616 U
937 498 979 613 ll

453 694 551 750 LIBER
573 691 743 760 QUARTUS.

585 853 607 913 I.
798 898 802 903 -
1160 885 1168 890 -

273 952 300 1002 C.
321 951 445 1001 PLINIUS
461 950 587 1001 Fabato
605 946 794 1001 Paosocuao
812 946 872 999 SUO
892 947 919 998 S.
1092 948 1105 1001 b
1159 900 1168 1041 ξ

70 1067 84 1117 l
158 1050 247 1129 Cupis
264 1061 331 1131 post
346 1051 462 1129 longum
475 1061 587 1131 tempus
599 1060 715 1129 neptem
726 1058 800 1112 tuam
810 1067 916 1129 meque
929 1067 984 1111 uua
994 1047 1089 1110 vilere.
1155 1054 1168 1129 ,3

96 1133 208 1194 Gratum
223 1143 267 1194 est
289 1137 400 1213 utrique
421 1145 548 1196 nostrum
567 1135 644 1216 quod
666 1135 763 1213 capiar
782 1141 880 1194 mutuo
900 1152 948 1194 me
968 1131 1090 1194 Ilereule.
1164 1136 1168 1177 ἲ

69 1217 166 1282 aNam
181 1219 369 1296 Invicemuos
386 1219 546 1280 incredibili
562 1219 684 1298 quodam
699 1216 841 1278 desiderio
856 1219 949 1278 vestri
963 1226 1091 1291 tenemur,
1164 1262 1168 1285 .

96 1301 172 1383 quod
192 1318 249 1361 non
270 1302 341 1365 ultra
363 1302 542 1374 ‹liberemus;
573 1312 659 1381 atque
674 1301 747 1361 adeo
762 1302 816 1361 iam
831 1301 992 1362 sarcinulas
1005 1301 1092 1379 alliga·
1165 1340 1168 1378 2

71 1396 158 1450 3mus
172 1386 339 1465 festinaturi,
356 1397 487 1467 quantum
503 1389 611 1449 itIneris
625 1388 696 1447 ratio
712 1386 883 1463 permiserit.
906 1385 971 1445 Erit
984 1382 1039 1446 uim
1051 1380 1123 1455 sallo
1166 1405 1168 1410 ¹

95 1471 191 1531 brevis
205 1488 298 1532 mora:
322 1472 507 1532 deflectemus
522 1475 551 1531 in
565 1469 694 1547 Tuscos,
710 1485 765 1528 non
781 1478 812 1528 ut
824 1487 912 1546 agros
929 1488 1049 1549 remque
1060 1467 1093 1528 la·
1161 1491 1166 1537 3

94 1555 230 1614 miliarem
245 1555 338 1614 oculis
360 1555 530 1615 subiciamus
553 1554 595 1632 (id
613 1555 687 1613 enim
702 1554 836 1632 postponi
851 1556 984 1632 potest),
1009 1552 1059 1614 sed
1070 1559 1095 1610 ut

69 1637 244 1712 elongamur
257 1639 422 1697 necessario
438 1638 546 1698 officio.
581 1635 723 1716 Oppidum
738 1646 783 1696 est
797 1637 924 1715 praediis
940 1641 1047 1698 nostris
1061 1638 1095 1696 ri·

96 1720 198 1794 einum,
214 1735 318 1779 nomeu
334 1718 441 1779 'literni
454 1719 597 1798 Tiberini,
619 1719 695 1799 quod
710 1738 755 1780 me
770 1737 863 1797 paene
876 1720 970 1782 adbuc
985 1737 1096 1801 puerum

94 1809 241 1879 patronum
256 1805 410 1880 cooptavit,
426 1812 503 1864 tanto
518 1807 625 1864 maiore
642 1802 735 1864 studi0
747 1813 851 1884 quanto
861 1807 975 1866 minore
987 1805 1093 1866 iudicio.
1103 1811 1127 1868 15

94 1884 240 1944 Adventus
262 1903 341 1946 meos
367 1887 511 1965 celebrat,
540 1887 767 1969 profectionibus
788 1890 918 1966 angitur,
947 1889 1097 1952 honoribus

71 1967 219 2045 ogandet
235 1969 267 2029 ln
280 1970 336 2031 boo
351 1988 424 2049 ego,
447 1981 477 2032 ut
492 1972 631 2032 referrem
645 1972 762 2049 gratiam
778 1971 856 2050 (nam
870 1975 949 2034 vinci
964 1975 994 2034 in
1010 1991 1097 2035 amore

94 2054 284 2132 turpissimum
302 2057 379 2134 est),
402 2056 536 2134 templum
551 2057 672 2135 pecunia
686 2073 749 2114 mea
765 2058 908 2131 exstruxi,
927 2060 1013 2119 cuius
1025 2055 1097 2119 teti·

94 2139 249 2214 cntionem,
275 2156 338 2196 oum
360 2141 396 2197 sit
412 2150 554 2217 paratum,
577 2138 691 2198 ‹lillerre
706 2137 821 2215 longius¹
833 2139 1036 2219 inreligiosum
1050 2150 1097 2202 est.

69 2219 205 2299 §Erimus
226 2236 297 2297 ergo
319 2219 358 2278 ibi
375 2220 560 2281 dedicationIs
582 2220 643 2297 die,
665 2239 749 2299 quem
764 2221 851 2300 epulo
867 2223 1023 2287 celebrare
1038 2237 1131 2291 con-m

94 2303 180 2360 stitui.
203 2302 396 2362 Subsistemus
411 2301 532 2364 fortasse
548 2312 577 2363 et
593 2306 742 2382 sequenti,
758 2305 810 2364 sed
826 2315 905 2368 tanto
920 2312 1016 2388 magis
1030 2311 1099 2370 riam

71 2384 183 2462 lipsam
196 2385 391 2462 corripiemus.
415 2383 568 2464 Contingat
577 2387 661 2447 modo
673 2396 702 2446 te
714 2387 855 2466 filiamque
867 2400 946 2453 tuam
958 2393 1052 2454 fortes
1062 2395 1098 2453 iu·

90 2466 205 2607 perlubet
226 2485 288 2527 nam
310 2469 455 2546 continget
474 2469 596 2546 hilares,
618 2473 642 2530 si
663 2488 715 2530 nos
735 2472 894 2534 incolumes
916 2478 1098 2560 receperitIs.

118 2566 133 2607 a
147 2568 172 2608 e,

571 2684 607 2744 u.
1106 2659 1133 2714 ²⁵

305 2782 331 2834 c.
350 2783 474 2834 ruimus
489 2785 585 2836 arrio
603 2784 763 2836 coruram
779 2786 840 2840 suo
858 2789 885 2839 s.
1156 2754 1157 2758 ¹

65 2889 80 2939 l
152 2884 280 2964 Regulus
299 2885 384 2945 lilium
399 2887 500 2962 amisit,
516 2886 640 2947 bocuuo
654 2888 727 2950 malo
742 2889 884 2969 indignus,
903 2895 985 2974 quod
1000 2898 1101 2957 nescio
1166 2872 1168 2937 ξ

90 2982 124 3024 an
138 2969 240 3030 malum
255 2977 344 3047 putet.
377 2968 446 3029 Erat
466 2987 539 3048 puer
552 2972 626 3030 acris
640 2973 746 3049 ingenii
762 2973 814 3033 sed
829 2976 973 3057 ambigui,
998 2981 1050 3060 qui
1063 2989 1102 3040 ta·

65 3053 155 3110 amen
170 3060 271 3130 posset
284 3059 364 3111 recta
384 3053 499 3126 sectari,
516 3053 540 3111 si
556 3061 664 3130 patrem
679 3072 735 3116 non
748 3057 880 3119 referret.
901 3060 987 3123 Hunc
1001 3063 1136 3144 Regu-tt

90 3126 134 3190 lus
159 3136 361 3213 emanciparit,
384 3143 415 3193 ut
435 3135 520 3195 beres
539 3137 634 3195 matris
653 3141 803 3210 existerem
829 3147 1027 3223 mancipatum
1049 3151 1101 3230 (ita

88 3214 176 3293 vulgo
198 3237 235 3280 ex
256 3217 382 3278 moribus
402 3218 521 3278 bominis
541 3215 744 3301 loquebantur)
760 3223 845 3285 foeda
867 3235 897 3286 et
917 3231 1037 3294 iusolita
1053 3251 1102 3312 pa·

88 3301 214 3363 rentibus
236 3301 430 3379 indulgentiae
451 3298 627 3360 simulatione
654 3306 792 3383 captabat.
828 3306 1022 3393 Incredibile,
1051 3314 1102 3376 sed

59 3371 228 3456 3Regulum
251 3387 356 3463 cogita.
388 3383 529 3443 Amissum
542 3390 635 3444 tamen
650 3385 729 3464 luget
742 3391 850 3451 insane.
878 3392 1016 3459 Habebat
1030 3417 1103 3480 puer
