2400 3840
88 160 150 226 112
507 157 540 220 C.
562 155 660 219 l’blNl

62 314 177 393 agretia
199 313 323 390 indrnre,
348 312 404 390 ipsi
426 310 604 388 enitendum,
629 309 685 388 ipsi
700 306 905 370 elaborandum
923 316 980 369 est.
1011 305 1093 382 Quod

89 396 201 477 quidem
221 413 354 476 semper,
376 394 634 475 quasiprovideret
652 392 709 452 boc
730 400 863 472 tempus,
886 390 991 457 sedulo
1011 392 1092 454 iecit:

89 482 198 561 paravit
213 482 338 558 amieos,
363 496 436 559 quos
450 486 599 558 paraverat
614 475 720 552 coluit,
741 492 789 535 me
809 484 908 553 certe,
930 484 962 536 nt
976 477 1094 554 primum

64 566 143 632 esibi
155 564 279 626 iudicare
294 565 434 642 permisit,
450 561 485 622 ad
498 578 621 622 amorem
639 557 881 639 imitationemque
895 557 1018 638 delegit.
1046 559 1092 621 nt

90 650 165 709 centi
179 647 245 708 mibi
260 646 400 709 sollicitus
415 646 542 723 adsistit,
563 643 674 706 adsidet
684 644 831 704 recitanti:
850 643 953 721 primis
966 645 1051 704 etius
1066 652 1113 713 cte

89 749 152 791 cnm
167 733 285 791 manime
301 731 484 792 nascentibus
499 727 647 806 opusculis
660 727 732 787 meis
746 728 884 803 interest,
907 744 985 788 nune
1004 726 1091 805 solus,

87 823 152 875 ante
168 815 343 891 cumfratre,
360 816 440 873 cuius
455 829 547 890 nuper
560 811 727 888 emissicgo
742 811 896 890 suscipere
910 819 1023 890 partes,
1039 827 1092 889 ego

63 900 181 965 tricem
197 897 290 958 debeo
304 897 424 974 inplere.
454 894 549 955 Doleo
564 896 638 956 enlm
657 901 686 955 et
700 893 781 954 illum
794 895 931 955 inmatura
945 905 1040 956 morte
1054 897 1092 955 in·

89 980 253 1058 dignissime
267 987 376 1057 raptum
392 988 421 1038 et
434 978 509 1037 bunc
527 980 625 1058 optimi
642 977 734 1038 iratris
748 977 912 1038 adiumento
929 976 1092 1040 destitutum

61 1062 215 1141 acolisque
231 1063 327 1122 amieis
345 1061 485 1121 relietum.
509 1058 619 1133 Quibus
637 1080 674 1121 ex
688 1063 782 1122 causis
797 1063 885 1138 exigo
900 1069 932 1121 ut
949 1063 1048 1122 nenias
1064 1070 1092 1122 et
1098 1084 1124 1138 pp

87 1144 223 1221 suffragio
237 1161 303 1204 meo
319 1154 395 1205 tunm
410 1146 518 1222 iunges.
552 1144 723 1205 Permultum
734 1146 855 1206 interest
873 1161 939 1204 mee
954 1154 986 1207 tc
1000 1155 1091 1206 osten·

88 1235 160 1301 tare,
174 1235 269 1287 tecum
284 1230 441 1289 circumire.
473 1227 516 1289 Ee
531 1240 576 1290 est
590 1230 742 1290 auctoritas
758 1237 806 1290 tua
819 1238 851 1290 ut
860 1236 960 1308 putem
974 1246 1021 1290 mc
1035 1229 1091 1290 eli·

63 1313 185 1376 9cacius
200 1321 296 1373 tecum
309 1315 392 1374 etiam
407 1330 490 1374 meos
504 1315 611 1374 amicos
624 1321 798 1390 rogaturum.
823 1311 986 1392 Abrumpe,
1001 1315 1027 1373 si
1041 1329 1091 1392 que

88 1405 118 1458 te
132 1397 269 1459 retinent:
290 1398 346 1458 boc
363 1406 475 1478 tempus
492 1414 603 1475 meum,
624 1396 680 1456 boc
694 1395 782 1473 tides,
799 1397 856 1459 boo
872 1396 959 1456 etiem
975 1395 1091 1476 dignitas

89 1480 221 1558 postulet.
255 1482 377 1560 Suscepi
402 1481 594 1557 candidatum,
616 1489 645 1540 et
666 1481 833 1559 suscepisse
855 1497 904 1539 me
920 1487 1020 1540 notum
1034 1489 1123 1547 est·15

89 1581 145 1641 ego
166 1565 275 1643 ambio,
297 1583 354 1642 ego
374 1565 537 1642 periclitor:
562 1566 591 1623 in
610 1581 732 1638 summa,
755 1565 780 1623 si
796 1563 877 1625 detur
889 1561 999 1624 Nasoni
1019 1562 1090 1644 qnod

88 1650 171 1724 petit,
186 1646 261 1705 illius
276 1647 380 1715 bonor:
396 1649 420 1706 si
433 1657 564 1724 negetur,
579 1664 643 1706 mea
656 1645 772 1725 repulse
787 1657 843 1708 est.
863 1645 949 1707 Vale.

559 1779 622 1839 Vll.

318 1878 345 1931 G.
365 1878 490 1930 PLINIUS
508 1879 713 1931 CALPURNIAE
731 1879 817 1931 SUAE
836 1880 863 1931 S.
1097 1911 1126 1967 m

62 1991 78 2044 1
149 1980 256 2041 Scribis
271 1989 299 2041 te
311 1981 438 2041 absentia
452 1998 515 2041 mee
529 1998 585 2041 non
598 1979 780 2042 mediocriter
792 1980 877 2043 eddei
890 2001 1035 2065 unumque
1045 1983 1090 2044 ba·

89 2067 159 2127 bere
177 2065 324 2143 solacium,
341 2064 417 2144 qnod
432 2082 485 2143 pro
499 2081 545 2125 me
558 2063 673 2125 libellos
684 2079 766 2125 meos
781 2073 893 2145 teneas,
907 2086 1000 2147 saepe
1011 2070 1091 2130 etiam

62 2151 117 2212 tin
127 2152 250 2228 vestigio
271 2167 335 2209 meo
352 2148 499 2210 conloees.
530 2145 643 2208 Gratum
657 2156 703 2208 est
720 2147 796 2227 quod
806 2166 859 2210 nos
874 2153 1017 2231 requiris,
1030 2170 1089 2230 gra·

87 2243 146 2293 tum
168 2232 243 2310 quod
256 2231 300 2291 his
315 2232 448 2291 lomentis
462 2231 640 2308 adquiescis:
666 2233 789 2293 invicem
803 2250 861 2312 ego
877 2235 1017 2313 epistulas
1031 2245 1092 2296 teas

88 2316 187 2375 lectito
204 2315 295 2391 adque
318 2312 471 2373 identidem
490 2314 518 2373 in
539 2330 636 2373 manus
659 2316 738 2393 quasi
757 2334 845 2377 novas
866 2335 965 2388 summ
989 2319 1042 2380 sed
1056 2334 1127 2389 eost

53 2398 177 2473 remegio
192 2396 227 2456 ad
244 2395 415 2456 desiderium
434 2397 473 2456 tui
493 2396 645 2458 accendor.
675 2397 747 2458 Nem
760 2400 841 2461 cuins
858 2400 974 2463 litterae
989 2411 1091 2465 tantum

87 2479 193 2540 babent
208 2479 369 2557 suavitatis,
391 2479 473 2540 huius
488 2482 666 2542 sermonibus
682 2491 814 2561 qurantum
828 2483 991 2563 dulcedinis
1005 2484 1091 2548 inest!

89 2561 130 2622 'l'u
144 2571 237 2623 tamen
252 2578 335 2641 quam
350 2563 580 2644 frequentissime
594 2566 706 2643 scribe,
728 2564 797 2628 licet
813 2568 876 2630 -boc
892 2568 933 2629 ita
946 2587 994 2632 me
1011 2569 1091 2631 delc-

89 2655 147 2709 ctet
162 2657 193 2709 ut
205 2655 347 2726 torqueat.
375 2648 455 2711 Vale.

550 2778 626 2851 vnn
1098 2753 1128 2809 ³⁰

384 2881 411 2936 Ο.
427 2881 551 2933 PLlNiUS
566 2881 678 2932 PRISGO
697 2881 757 2932 SUO
774 2879 801 2937 S.

63 2994 79 3046 1
150 2985 267 3045 Atilium
282 2984 469 3049 crescentem
482 2995 513 3045 et
525 2987 600 3046 nosti
612 2995 641 3046 et
652 3004 738 3047 ames.
759 2983 830 3059 Quis
845 2989 920 3049 enim
933 2989 1015 3051 illum
1026 3009 1091 3072 spe·

89 3067 192 3127 cutim
206 3068 291 3146 paulo
310 3080 357 3130 aut
376 3083 433 3130 non
454 3069 532 3129 novit
553 3077 601 3129 aut
623 3088 679 3130 non
700 3065 793 3130 amat?
820 3069 902 3133 Hunc
918 3091 977 3152 ego
991 3093 1048 3136 non
1061 3084 1091 3137 ut

60 3149 165 3212 tmulti
179 3149 233 3211 sed
243 3154 383 3214 artissime
396 3151 492 3231 diligo.
508 3202 513 3213 .
526 3150 638 3232 Oppida
651 3161 747 3213 nostra
761 3155 844 3214 unius
859 3154 916 3217 diei
933 3159 1038 3220 itinere
1050 3160 1125 3227 dien

85 3235 235 3296 rimantur:
261 3237 317 3315 ipsi
338 3254 431 3298 amare
450 3237 588 3313 invicem,
613 3237 661 3314 qui
681 3244 726 3297 est
747 3237 981 3315 flagrantissimus
1000 3260 1089 3321 amor,

86 3316 292 3380 adulescentuli
314 3321 470 3397 coepimus.
500 3318 602 3380 blansb
616 3318 663 3378 bie
679 3329 799 3398 postea,
823 3339 880 3381 nee
894 3323 1008 3387 rebirit
1020 3327 1088 3389 iudi-

87 3401 132 3462 cio
157 3402 210 3464 sed
230 3403 356 3464 invaluit.
397 3401 497 3465 Sciunt
520 3404 567 3481 qui
589 3401 752 3464 alterutrum
773 3413 901 3465 nostrum
925 3407 1089 3472 familiarius

102 3580 156 3591 ...fi-
