2400 3840
102 171 144 235 96
527 165 560 228 c.
582 164 679 228 Pthl

103 324 167 384 ions
182 321 275 399 egerit
291 338 391 399 aquam
407 329 436 381 ot
450 320 568 398 recipit:
590 335 652 378 nam
667 317 787 395 expulsa
800 316 929 379 inultum
942 318 973 378 in
988 335 1022 379 sa
1037 315 1105 379 cadit

103 407 263 484 iunctisque
277 403 398 465 hiatibus
415 412 445 464 et
460 404 628 465 absorbetur
642 411 672 462 et
685 401 802 462 tollitur.
830 399 856 461 ll
871 402 996 479 regione
1009 399 1105 463 stibadi

103 489 253 550 adversum
275 487 436 549 cubiculum
453 496 558 548 tantum
578 485 699 546 stibadio
723 485 817 547 reddit
838 493 957 546 ornatus
979 493 1105 564 qnantum

60 573 209 652 ssacoipit
229 572 265 633 ab
287 571 346 632 illo.
379 570 519 633 Marmore
539 569 690 648 splendet,
708 568 798 630 valvis
812 571 842 628 in
854 569 960 630 viridia
972 571 1105 647 prominet

104 667 134 718 et
149 657 224 732 exit,
244 655 297 716 ulia
311 656 410 716 viridia
425 653 621 734 superioribus
635 652 877 730 inferioribusque
893 651 1032 714 imanis
1047 665 1122 716 snt-t

105 742 174 819 cipit
195 739 375 819 dispicitque.
409 737 478 799 llox
498 736 648 798 zothecula
668 734 774 813 refugit
795 736 876 814 quasi
897 737 926 796 in
949 735 1104 797 cubibulum

103 825 179 885 idem
191 834 276 903 atque
296 823 380 884 alind.
413 821 519 882 Lectus
535 820 583 881 hic
603 829 633 880 et
650 818 773 898 undique
787 819 957 898 fenestras,
975 829 1005 881 et
1018 829 1103 881 tuen

62 922 96 978 39
104 907 198 968 lumen
222 908 374 968 obscurum
390 905 488 965 umbra
505 912 665 983 premente.
701 901 772 962 Nam
791 902 948 963 lectissim
972 905 1038 964 rhis
1056 920 1104 982 per

105 1009 187 1053 omne
203 999 312 1050 tectum
324 991 351 1047 in
369 987 481 1047 culmen
494 989 591 1047 nititur
602 996 632 1048 et
643 985 780 1047 ascendit.
799 984 864 1046 Nou
876 1004 967 1048 secus
978 988 1019 1047 ihi
1030 1003 1104 1066 quam

103 1077 132 1134 in
147 1088 263 1134 nemore
277 1073 385 1148 iaceas,
399 1071 516 1131 imbrem
531 1079 637 1131 tantum
651 1079 789 1149 tamquam
801 1070 830 1129 in
840 1087 960 1131 nemore
975 1088 1033 1131 non
1047 1086 1133 1139 scnlo

61 1158 167 1224 hotias.
190 1153 244 1214 llic
259 1171 373 1232 quoquo
384 1153 449 1214 lons
459 1155 585 1214 nuscitur
600 1153 739 1232 simulque
753 1153 930 1214 subducitur.
951 1155 1025 1216 Sunt
1037 1154 1103 1214 loois

105 1236 235 1317 pluribus
246 1236 384 1316 disposita
401 1237 502 1299 sedilia
517 1257 534 1298 e
550 1255 700 1314 marmore,
718 1255 792 1316 quae
804 1235 1000 1299 ambulatione
1015 1238 1103 1300 lassos

105 1331 135 1383 ut
149 1321 309 1384 cubiculum
328 1322 420 1401 ipsum
441 1323 545 1383 iuvant.
577 1320 718 1382 Fonticuli
733 1320 870 1383 sedilibus
885 1321 1033 1392 adhesum
1056 1338 1103 1401 pcr

103 1416 193 1468 totum
207 1406 425 1485 hippodromum
438 1405 545 1466 inducti
559 1403 660 1466 fistulis
675 1414 806 1484 strepunt
827 1405 881 1464 riri
896 1414 926 1465 et
941 1423 998 1484 qua
1012 1422 1102 1465 manus

105 1492 182 1552 duxit
193 1500 338 1552 secuntur.
360 1489 411 1551 llis
424 1508 500 1551 nunc
510 1488 558 1550 illa
571 1488 670 1549 viridia
681 1507 757 1548 nunc
769 1488 854 1566 baec,
869 1489 1014 1549 interdum
1027 1485 1133 1550 simullt

104 1576 195 1634 omnia
208 1573 344 1634 lavantur.
378 1571 518 1634 Vitassem
533 1575 587 1632 iam
601 1571 704 1632 dudum
716 1591 754 1633 ne
766 1571 881 1632 nideror
895 1574 1041 1651 argutior,
1055 1572 1103 1632 nisi

62 1673 95 1726 ⁴¹
104 1654 1102 1818 {litlot„tlrttmdsotttttmlsrmtu

105 1821 218 1897 fuisset,
235 1822 402 1899 praesertim
418 1839 481 1882 oum
495 1824 734 1902 interquiescere,
750 1825 775 1885 si
788 1822 904 1902 liberet,
920 1823 1103 1904 depositaque

106 1903 228 1983 epistula
242 1905 322 1984 quasi
333 1905 460 1966 residere
476 1907 590 1985 saepius
601 1924 716 1986 posses.
738 1906 892 1968 Praeterea
902 1907 1008 1970 indulsi
1022 1907 1134 1973 mrim

104 2006 186 2050 meo:
208 2006 271 2049 amo
293 1991 367 2050 euim
384 2009 456 2069 quae
478 1993 597 2051 maxima
614 1999 748 2069 exparte
770 1993 834 2070 ipse
853 1991 988 2053 inchoari
1005 1999 1052 2052 aut
1065 1991 1102 2050 iu

62 2080 96 2134 42
107 2073 206 2135 choeta
225 2074 366 2153 percolui.
388 2074 420 2134 ln
434 2092 550 2152 summa,
564 2076 632 2153 (cur
643 2076 718 2135 enim
727 2092 784 2135 non
798 2077 923 2154 apmiam
938 2075 993 2136 tihi
1006 2074 1054 2136 vel
1065 2074 1103 2133 is·

105 2158 207 2220 dicium
227 2176 321 2219 meum
340 2157 388 2219 vel
409 2155 573 2237 erroremi)
593 2160 713 2237 primum
736 2176 794 2237 ego
814 2158 942 2219 officinm
960 2159 1103 2238 seripton‘t

66 2307 69 2313 ⁴
105 2244 234 2303 existimo
252 2251 282 2301 ut
299 2240 410 2301 titulum
423 2259 504 2301 suum
520 2240 598 2319 legat
615 2242 708 2321 adque
725 2241 880 2303 identidem
900 2243 1060 2322 interroget
1073 2259 1103 2303 sc

104 2324 171 2400 quid
189 2326 318 2403 coeperit
335 2325 464 2384 scrihere
487 2327 632 2405 sciatque,
657 2328 681 2388 si
700 2329 834 2387 materiae
850 2327 1033 2405 immoratur,
1051 2330 1136 2388 norb

104 2425 172 2467 esse
192 2406 324 2484 longum,
342 2407 551 2488 longissimum,
576 2412 600 2471 si
621 2409 726 2489 aliquid
740 2411 862 2471 arcessit
876 2409 970 2488 adque
987 2409 1104 2472 attrahit

62 2496 97 2549 43
104 2487 192 2550 Vides
208 2499 277 2569 quot
297 2492 429 2554 versibus
446 2492 604 2571 Homerus,
627 2504 696 2572 quot
711 2493 857 2572 Vergilius
872 2511 967 2571 arma,
986 2494 1034 2554 hic
1051 2491 1104 2591 Aa·

104 2573 582 2738 tlt’,ltlllztlrltttt
596 2577 699 2723 titt
714 2586 1106 2723 ltittttt'ttt‘stt

107 2753 290 2805 consectetur
306 2754 335 2805 et
356 2743 486 2822 colligat:
507 2743 620 2806 modurn
640 2753 733 2805 tamen
755 2755 859 2807 serrat.
887 2743 953 2805 Non
967 2747 1043 2806 enim
1057 2743 1137 2806 err-³⁰

61 2831 206 2888 decursus
224 2827 272 2889 hic
287 2829 367 2905 eius,
389 2830 442 2890 sed
456 2844 528 2906 opus
542 2828 636 2906 ipsum
647 2838 703 2889 est.
736 2828 873 2891 Similiter
886 2847 957 2907 nos,
973 2839 1005 2890 ut
1021 2844 1105 2908 parra

103 2911 228 2988 magnis,
246 2929 310 2971 cum
323 2920 410 2971 totam
421 2910 516 2972 villum
530 2910 622 2975 oculis
636 2913 691 2972 tuis
708 2912 841 2974 subicere
860 2931 1014 2991 conamur,
1028 2913 1054 2974 si
1066 2913 1104 2973 ni·

102 2992 144 3052 bil
155 2992 298 3054 inductum
313 3004 342 3055 et
355 2995 436 3073 quasi
449 2994 561 3055 devium
578 2995 735 3074 loquirnm,
757 3014 814 3056 non
831 2997 955 3076 epistula
969 3010 1043 3076 qnae
1058 2996 1104 3056 ie-

104 3077 204 3174 scribit
214 3078 266 3138 sed
280 3077 349 3138 villa
362 3095 434 3157 quae
445 3077 616 3140 describitur
629 3096 729 3156 magua
743 3089 796 3141 est.
826 3079 934 3141 Verum
947 3079 1019 3142 illnc
1033 3079 1104 3141 unde

26 3161 713 3325 ,5tittttttt⁰tl¹tl⁶tdltff²ttti
724 3164 982 3328 ‘titillet
995 3165 1137 3310 litt?

103 3344 184 3389 meos
200 3327 378 3407 Tusculanis,
395 3328 557 3407 Tiburtinis,
573 3328 822 3410 Praenestinisque
833 3351 1020 3412 praeponam.
1038 3331 1106 3394 Nam

104 3427 192 3491 super
203 3411 251 3474 illa
266 3431 338 3494 quae
359 3412 455 3473 rettuli
470 3412 553 3474 altius
567 3412 607 3473 ibi
622 3414 709 3473 otium
723 3425 753 3476 et
767 3416 901 3494 pinguius
914 3434 1011 3500 eoque
1024 3435 1105 3480 secu·
