2400 3840
330 189 593 252 EPISTULARUM
607 189 657 250 Vl.
679 201 722 254 ao.
739 201 783 255 οι.
999 195 1060 259 129

53 353 114 405 tum
130 361 187 404 non
202 346 264 404 sine
286 344 379 424 aliqua
393 345 619 424 reprehensione
641 345 796 422 patientiae
811 361 890 406 uuor
904 350 1000 410 uxoris
1014 369 1060 411 re·

54 427 202 505 tardabat,
228 445 310 506 quam
330 428 446 507 quidem
465 432 549 490 etiam
568 436 635 508 post
656 427 780 487 delatum
798 429 965 490 adulterium
986 432 1060 494 domi

55 513 211 588 habuerat,
234 513 314 590 quasi
330 522 479 574 contentus
494 512 634 573 aemulum
648 515 817 573 removisse.
850 514 1016 576 Admonitus
1031 528 1086 581 uto

57 604 211 674 perageret
229 598 458 676 accusationem,
486 599 600 676 peregit
620 598 733 656 inultas.
765 596 825 655 Sed
843 597 919 656 illam
939 599 1062 661 damnem

44 682 140 741 ·ctiarn
156 680 245 739 invito
263 690 431 742 accusatore
451 699 575 742 measse
597 688 673 740 erat:
695 681 822 740 damnata
837 689 867 740 et
880 681 970 742 Iuliae
986 683 1060 762 legis

55 766 160 844 poenis
173 763 275 824 relicta
290 773 343 825 est.
374 763 480 826 Cacum
495 774 523 825 et
539 781 643 825 nomen
657 765 829 824 centaurionis
846 773 875 824 et
891 781 1060 829 commemo

55 850 193 909 rationem
204 847 372 928 disciplinae
386 849 512 910 militaris
527 851 686 910 sententiae
701 848 814 927 adiecit,
831 862 868 910 ne
884 853 973 911 omnis
987 855 1060 913 eius·

56 931 130 994 modi
148 949 250 993 causas
270 950 410 996 revocare
424 933 459 993 ad
473 952 507 994 se
521 934 675 993 uideretur.
709 931 806 992 Tertio
822 933 868 994 die
883 935 996 997 inducta
1012 946 1085 1000 cei

57 1018 146 1093 guitio
163 1025 208 1076 est
221 1016 315 1077 multis
329 1019 507 1079 sermonibus
523 1019 643 1078 etruria
657 1033 770 1078 rumore
786 1020 897 1095 motata,
915 1012 1060 1081 laliTiro·

44 1102 101 1160 tuit
118 1099 255 1177 codicilli,
271 1119 345 1179 quos
360 1121 396 1161 ex
409 1111 488 1181 parte
502 1119 591 1162 veros
602 1119 669 1162 esse
682 1101 840 1179 constabat,
857 1119 893 1162 er
904 1113 986 1182 parte
996 1103 1061 1164 falsi

57 1183 234 1245 dicebantur.
283 1185 530 1247 Substituebantur
564 1187 672 1245 crimini
706 1186 890 1263 Sempronius
923 1186 1087 1266 Senecio,8

57 1278 148 1347 eques
164 1268 324 1346 Romanus,
345 1278 374 1330 et
387 1269 576 1346 Eurythmus,
599 1266 731 1330 Caesaris
746 1268 865 1328 libertas
882 1280 911 1329 et
927 1286 1060 1348 procura-

58 1359 111 1411 tor.
145 1351 293 1430 Heredes,
316 1371 380 1413 oum
401 1350 507 1413 Caesar
529 1362 607 1412 esset
627 1355 655 1411 in
669 1351 776 1429 Dacia,
802 1356 987 1413 comnmniter
1001 1358 1061 1433 epi·

57 1434 130 1495 stula
145 1438 253 1514 scripta
267 1439 407 1515 petiemnt
422 1447 452 1497 ut
466 1438 628 1512 susciperet
645 1437 843 1512 coguitionem.
876 1437 1059 1516 Susceperat.

44 1517 205 1581 illeversus
221 1518 295 1579 diem
310 1520 444 1597 dederat,
466 1528 573 1580 etcum
593 1537 630 1578 ex
650 1518 803 1579 heredibus
825 1520 952 1598 quidam,
981 1525 1086 1599 quasin

57 1605 219 1664 reverentia
233 1602 390 1681 Eurythmi,
408 1605 568 1663 omitterent
583 1603 803 1680 accusationem,
817 1603 1007 1682 pulcherrime
1020 1606 1059 1664 di·

56 1696 138 1748 xerat
154 1693 223 1746 ‘uec
236 1687 287 1748 ille
303 1684 458 1762 Polyclitus
473 1695 518 1747 est
533 1701 587 1746 uec
603 1702 660 1764 ego
671 1685 772 1746 Nean’
795 1686 952 1748 Indulserat
969 1698 1061 1749 tamen

56 1771 222 1850 petentibus
243 1771 421 1844 dilationem,
444 1773 524 1832 cuius
545 1781 674 1850 tempore
696 1781 799 1831 exacto
821 1771 991 1832 consederat
1014 1791 1060 1832 aa·

59 1853 176 1915 dimas.
215 1855 242 1915 Δ
267 1865 348 1934 parte
375 1854 511 1915 heredum
530 1857 705 1915 intraverunt
726 1855 797 1925 duo;
827 1858 938 1915 omnmo
961 1867 1103 1934 posta-10

44 1938 189 2000 tluverunt
217 1954 315 1999 omnes
338 1937 460 1999 heredes
480 1956 569 2016 agere
592 1948 780 2016 cogerentur,
810 1957 872 1997 curn
894 1938 1061 2000 detulissent

58 2039 175 2102 omum,
197 2034 244 2084 aut
259 2023 315 2083 sibi
335 2039 449 2102 qaoque
466 2022 607 2083 desistere
624 2023 843 2099 permitteretur.
876 2021 1001 2083 buculus
1016 2034 1099 2086 estll

58 2106 166 2168 cumn
187 2123 294 2168 summa
319 2109 475 2184 gravitate,
502 2123 608 2165 summa
632 2105 842 2180 moderatione,
871 2121 990 2183 eumque
1014 2107 1061 2165 ad·

58 2201 179 2252 rotatus
201 2191 369 2252 Senecionis
399 2200 427 2251 et
446 2189 593 2265 Eurythmi
614 2189 733 2249 dixisset
751 2188 955 2267 suspitionibus
977 2187 1061 2248 relin-

60 2279 107 2355 qui
122 2292 209 2353 reos,
224 2277 278 2335 nisi
292 2275 470 2349 audirentur,
485 2279 553 2332 ‘non
569 2277 649 2332 curn’
664 2272 760 2351 inquid
776 2278 823 2331 ‘an
837 2273 884 2331 isti
899 2274 1061 2351 suspitioni-¹

44 2360 112 2420 ibus
127 2357 333 2438 relinquantur,
349 2375 406 2436 ego
418 2357 584 2436 relinquor'.
607 2355 682 2416 Dein
691 2374 845 2417 convorsus
855 2356 889 2416 ad
898 2373 962 2434 nos,
975 2352 1060 2415 ‘duo
1072 2367 1106 2418 12

59 2435 202 2523 στήσαιτο
219 2442 284 2521 quid
300 2443 398 2503 lucere
414 2442 582 2502 debeamus:
603 2441 650 2500 isti
672 2442 749 2499 enirn
767 2442 848 2520 queri
869 2439 966 2501 volunt
987 2439 1064 2518 quod

60 2528 114 2588 sibi
127 2544 186 2587 nou
197 2526 309 2588 licuerit
325 2530 484 2586 accusare'.
503 2523 573 2584 Tum
587 2543 624 2585 ex
639 2524 749 2585 consilii
763 2525 903 2585 sententia
918 2526 1001 2585 iussit
1014 2524 1063 2584 de·

60 2613 181 2672 nuntiari
199 2610 353 2671 heredibus
374 2609 502 2670 omnibus
527 2617 575 2668 aut
594 2616 713 2686 agerent
733 2618 780 2668 aut
801 2608 904 2686 singuli
925 2607 1063 2686 adproba-

60 2703 123 2754 rent
135 2712 236 2754 causas
252 2711 307 2753 non
322 2692 439 2770 agendi;
462 2692 568 2770 alioqui
585 2710 617 2752 se
632 2692 681 2751 vel
698 2693 734 2752 de
750 2691 886 2752 calumnia
901 2692 1063 2770 pronuntia·

44 2787 162 2847 uturum.
184 2777 272 2838 Vides
289 2796 372 2856 quam
386 2778 516 2852 honesti,
533 2793 615 2853 quam
630 2777 724 2836 severi
739 2774 818 2852 dies,
835 2792 907 2852 quos
922 2771 1107 2832 iucundis-13

60 2864 149 2925 simae
167 2862 353 2922 remissiones
371 2860 572 2938 sequebantur.
602 2858 814 2919 Adhibebamur
835 2856 938 2917 cotidie
961 2874 1064 2916 cenae:

60 2955 122 3007 crat
136 2944 264 3022 modica,
286 2947 310 3004 si
333 2946 489 3022 principem
505 2945 656 3019 cogitares.
687 2941 831 3001 Interdum
845 2949 1002 3001 nomenata
1017 2956 1065 3000 au·

59 3029 225 3106 diebumus,
246 3028 385 3088 interdum
405 3025 613 3087 iucundissimis
635 3026 811 3087 camoribus
827 3040 884 3084 nor
901 3023 1063 3085 ducebatur.

59 3114 176 3175 smum
192 3113 238 3172 dic
253 3112 422 3172 abeuntibus
436 3111 520 3171 nobis
535 3111 607 3189 (tam
621 3110 743 3188 diligens
760 3111 788 3168 in
804 3106 927 3169 (lassare
942 3109 1065 3168 humani·
1075 3116 1109 3168 li

44 3198 120 3276 itas)
136 3197 222 3258 uenia
237 3204 301 3256 suut
314 3197 409 3256 missa.
430 3194 488 3254 Sed
502 3195 569 3254 mihi
585 3203 615 3253 ut
629 3196 752 3271 gravitas
766 3195 975 3270 cognitionum,
998 3209 1065 3253 con·

59 3275 246 3356 slliihonor',
263 3281 386 3340 suavitas
408 3278 631 3359 simplicitasque
653 3278 818 3355 convictus,
839 3279 878 3336 ita
899 3277 981 3337 locus
1002 3281 1065 3354 ipse

58 3363 256 3447 periucundus
271 3363 333 3423 fuit.
360 3362 434 3423 villu
449 3361 637 3441 pulcherrima
652 3363 773 3438 cingitur
786 3361 964 3421 viridissimis
977 3361 1065 3437 agris,
1075 3369 1109 3419 15

57 3447 299 3591 thtlghwfi’
326 3448 405 3506 cuius
432 3448 460 3505 iu
482 3449 544 3506 sinu
565 3445 594 3504 lit
616 3460 679 3502 oum
698 3445 817 3504 maxime
837 3453 945 3584 pergas.
977 3442 1064 3501 liuius
