2400 3840
86 182 129 246 24
515 178 547 240 G.
568 176 666 240 PLlNl
691 205 695 215 ·

87 352 211 413 semper.
247 331 325 395 llaec
342 342 435 393 tamen
456 351 541 394 causa
558 349 659 410 magna
679 340 741 410 est,
757 333 857 392 nescio
873 348 912 390 au.
927 332 1010 392 iusta:
1032 328 1073 392 sel
1129 344 1131 378 ³

87 436 161 497 ego,
187 426 327 496 tamquam
341 433 398 476 nou
412 417 503 477 minus
518 419 591 477 iusta
606 434 688 495 quam
701 432 801 494 magna
821 416 874 492 sit,
901 416 1022 493 graviter
1033 416 1073 475 ira·

63 517 156 569 uscor
173 501 248 580 quod
263 518 280 561 a
296 509 327 561 ta
344 508 399 560 tam
414 500 461 560 diu
478 500 590 561 litterae
607 499 711 562 nullae.
735 498 863 559 Exorare
878 518 924 559 me
938 508 1020 579 potos
1031 516 1076 558 uuo

87 585 191 662 modo,
219 586 244 646 si
258 603 335 645 nunc
351 583 451 645 saltem
465 583 600 664 plurimas
614 592 643 644 et
663 582 844 660 longissimas
862 585 983 646 miseris.
1011 583 1079 644 llaec

87 669 155 728 milri
172 667 235 729 sola
249 671 397 730 excusatio
412 686 492 746 vcra,
509 677 625 729 ceterae
640 666 730 728 falsae
744 666 925 727 videbuntur.
952 665 1016 728 Non
1030 670 1097 730 runt
1127 726 1131 739 ⁴

63 752 232 819 sauditurus
250 758 319 814 ‘non
333 771 410 814 eram
420 751 541 812 Romae’
555 749 603 810 vel
619 751 799 830 ‘occupatior
812 755 913 810 oram?
933 748 1008 812 lllud
1017 752 1082 813 enin

87 854 144 898 nec
159 837 187 897 di
201 839 303 916 sinant,
318 845 350 897 ut
365 836 530 896 ‘infirmior’
553 832 622 914 lpse
636 834 671 895 ad
686 832 782 895 villam
795 834 898 912 partim
912 834 1013 896 studiis
1027 853 1082 914 par·

87 922 137 981 tim
153 920 260 983 desidia
276 921 365 996 iruor,
382 936 501 998 quorum
515 928 664 998 utrumque
680 936 717 979 eu
732 919 790 978 otio
804 917 941 978 nascitur.
968 918 1047 981 Vale.

561 1048 612 1109 ΙΙΙ.

374 1149 401 1204 o.
421 1147 545 1200 ruinius
564 1148 682 1200 nurum
701 1150 761 1202 suo
779 1148 806 1200 s,

65 1268 79 1319 1
151 1251 254 1329 blagna
264 1249 377 1313 Isaeum
391 1251 465 1313 fama
474 1262 685 1331 praecesserat,
697 1253 786 1311 maior
796 1252 929 1312 iuventus
940 1260 995 1312 est.
1013 1250 1087 1310 Sum·

89 1354 133 1397 ma
147 1346 192 1397 est
206 1334 336 1414 facultas,
353 1338 453 1416 copia,
468 1336 598 1396 ubertas:
616 1335 683 1397 dicit
697 1353 813 1412 semper
828 1353 866 1395 ex
881 1345 1026 1415 tempore,
1041 1332 1088 1395 sed

89 1431 230 1501 tamquam
245 1419 291 1480 diu
306 1421 463 1500 scripserit.
497 1421 597 1481 Sermo
613 1419 757 1497 Graecus,
774 1420 858 1479 immo
869 1419 997 1481 Atticus:
1011 1436 1087 1498 prae·

89 1505 211 1566 iationes
226 1513 339 1582 tersae,
353 1504 495 1582 graciles,
511 1504 629 1583 dulces,
644 1522 748 1582 graves
764 1502 905 1563 interdum
922 1512 952 1564 at
969 1507 1118 1564 erectaeit

65 1589 186 1654 2Poscit
202 1589 412 1649 controversias
432 1587 547 1667 plures,
570 1586 742 1648 electionem
755 1586 930 1648 auditoribus
947 1588 1088 1667 permittit,

90 1690 178 1750 saepe
193 1673 277 1730 etiam
292 1680 407 1749 partes,
423 1673 524 1749 surgit,
542 1673 688 1749 amicitur,
712 1673 824 1751 incipit;
846 1672 940 1732 statim
954 1672 1047 1731 omnia
1058 1687 1089 1730 ac

89 1772 182 1833 paene
199 1755 306 1832 pariter
318 1754 354 1815 ad
368 1772 494 1832 manum,
515 1774 618 1816 sensus
638 1755 778 1817 reconditi
801 1764 971 1832 occursant,
993 1755 1089 1829 verba,

90 1836 143 1898 sed
159 1836 265 1915 qualia!
283 1840 411 1916 quaesita
428 1849 457 1899 et
472 1838 594 1900 exculta.
626 1839 714 1900 llulta
725 1839 813 1900 lectio
828 1840 858 1898 in
872 1840 993 1917 subitis,
1008 1837 1090 1898 multa

63 1921 207 2000 3scriptio
220 1920 326 1983 elucet.
348 1922 560 1986 Prohoemiatur
572 1933 650 2002 apte,
665 1933 757 1983 narrat
773 1932 884 2002 aperte,
901 1931 1012 2002 pugnat
1021 1923 1124 1983 aeri-ii

89 2016 144 2083 ter,
161 2004 271 2084 colligit
285 2008 412 2086 fortiter,
428 2017 509 2069 ornat
523 2007 661 2086 excelse,
672 2017 820 2087 postremo
833 2007 938 2084 docet,
955 2006 1090 2080 delectat,

88 2089 197 2159 adlicit;
218 2091 284 2170 quid
301 2094 437 2170 maxime,
462 2093 590 2154 dubitas:
617 2092 718 2153 crebra
738 2084 975 2171 ἐνθυμήματα,
1001 2091 1091 2151 crebri

90 2174 260 2254 syllogismi,
276 2177 482 2253 circumscripti
494 2187 525 2237 et
540 2177 654 2253 effecti,
672 2174 748 2254 quod
761 2175 828 2235 stilo
843 2191 959 2254 quoque
976 2174 1091 2252 adsequi

89 2277 221 2334 magnum
232 2268 291 2318 est:
306 2258 481 2319 incredibilis
495 2261 643 2327 memoria:
668 2261 772 2338 repetit
785 2258 868 2319 altius
884 2277 958 2337 quae
973 2258 1044 2319 dixit
1057 2275 1093 2318 ex

67 2350 237 2418 stempore,
260 2360 298 2400 ne
317 2343 408 2402 verbo
429 2342 542 2420 quidem
556 2342 667 2407 labitur.
697 2342 741 2402 Ad
755 2352 858 2403 tantam
873 2337 942 2415 ἕξιν
956 2343 1054 2404 studio
1065 2350 1126 2406 etit

90 2424 295 2484 exercitatione
310 2427 455 2501 pervenit:
468 2444 530 2486 uam
544 2426 645 2488 diebus
663 2437 693 2488 et
707 2427 840 2487 noctibus
854 2425 923 2486 nibil
938 2425 1016 2486 aliud
1025 2427 1092 2504 agit,

66 2505 160 2568 5nihil
181 2507 272 2585 audit,
295 2507 363 2568 nihil
384 2508 517 2588 loquitur.
549 2511 659 2571 Annum
680 2512 1052 2588 sexagessimum'exeessit
1066 2519 1105 2587 et,

89 2590 182 2651 adhuc
198 2591 389 2656 scholasticus
405 2603 511 2654 tantum
526 2604 586 2665 est;
609 2612 667 2675 quo
680 2613 789 2674 genere
807 2595 948 2654 hominum
962 2594 1033 2654 nibil
1048 2601 1094 2654 aut

89 2677 229 2737 sincerius
244 2685 291 2737 aust
311 2677 468 2758 simplicius
488 2687 536 2739 aut
554 2678 665 2741 melius.
695 2678 755 2740 Nos
771 2680 846 2739 euim
860 2680 907 2758 qui
921 2680 951 2738 in
964 2678 1030 2739 loro
1044 2697 1093 2738 ue·

87 2763 185 2839 risque
202 2760 299 2824 litibus
313 2764 430 2823 terimur
443 2761 561 2824 multum
580 2763 719 2841 malitiae,
737 2764 863 2841 muniris
884 2762 1024 2839 nolimus,
1046 2761 1129 2822 adit

61 2843 232 2907 6disoimus.
267 2846 374 2909 Schola
388 2857 418 2908 et
432 2847 597 2909 auditorium
611 2858 641 2909 et
656 2849 722 2908 licta
744 2865 829 2908 causa
844 2864 893 2907 res
914 2847 1031 2908 inermis
1052 2847 1092 2906 iu·

88 2929 174 2986 noxia
188 2938 249 3008 est,
270 2951 326 2992 nee
341 2934 431 2993 minus
446 2931 531 3011 felix,
553 2933 670 2994 senibus
687 2932 864 3010 praesertin.
894 2929 966 2990 Nam
981 2928 1050 3008 quid
1066 2931 1094 2990 in

65 3017 239 3072 isenectute
251 3014 364 3076 felicius
377 3033 458 3094 quam
473 3016 549 3094 quod
560 3016 752 3079 dulcissimum
766 3025 811 3076 est
824 3017 852 3075 iu
866 3012 1003 3075 iuventa?
1019 3013 1093 3087 Qua·

88 3111 121 3153 re
136 3111 192 3171 ego
212 3092 324 3157 Isaeum
337 3117 394 3158 non
416 3099 630 3160 disertissimum
645 3109 751 3160 tantum
767 3117 866 3159 verum
882 3101 967 3159 etiam
987 3099 1094 3159 beatis·

89 3178 190 3237 simum
211 3178 322 3257 iudico,
346 3200 430 3261 quem
446 3192 477 3243 tu
494 3185 548 3244 nisi
564 3198 744 3262 cognoscere
762 3179 965 3260 concupiscis,
988 3187 1129 3243 saxeustt

64 3260 261 3340 stemusque
274 3282 315 3324 es.
347 3264 468 3326 Proinde
489 3268 514 3327 si
528 3285 584 3326 non
601 3268 638 3328 ob
655 3266 829 3346 alienosque
846 3269 944 3346 ipsos,
960 3266 996 3326 ad
1013 3275 1093 3326 certe

88 3352 119 3402 ut
133 3343 208 3404 huuc
225 3346 339 3427 audias,
354 3351 429 3410 veni.
452 3348 646 3429 Numquamne
661 3350 757 3429 legisti
774 3350 938 3412 Gaditanum
954 3350 1093 3428 quendam

87 3425 142 3487 Titi
161 3427 221 3490 Livi
246 3434 359 3494 nomine
380 3432 528 3512 gloriaque
551 3444 721 3495 commotum
745 3433 781 3494 ad
803 3433 952 3496 visendum
973 3453 1039 3495 eunr
1057 3433 1092 3493 ab

1091 1094 1114 1147 io
