2400 3840
389 187 654 250 EPISTULARUM
669 189 692 250 l.
714 200 741 254 9.
756 203 800 255 1υ.
1075 191 1096 254 9

86 345 145 417 tus,
157 358 261 401 verum
272 349 475 419 secretumque
485 349 655 422 μουσεῖον,
668 342 845 422 quammulta
856 343 1000 421 invenitis,
1013 362 1096 422 quam

87 424 175 485 multa
190 424 319 486 dictatis!
341 424 464 485 Pnoiude
479 435 508 485 tu
524 444 639 505 quoque
657 430 807 504 strepitum
826 428 911 488 istum
925 429 1117 507 inanemque?

88 509 253 571 discursum
267 517 297 568 et
313 508 432 569 multum
445 509 562 587 ineptos
576 510 709 588 labores,
725 520 757 571 ut
774 512 893 590 primum
908 510 995 571 fuerit
1010 529 1094 572 occu·

88 594 151 671 sic,
167 591 301 670 relinque
316 601 404 672 teque
422 593 522 654 studiis
536 593 585 653 vel
604 596 663 655 otio
679 594 769 654 trade.
790 595 886 656 Satius
903 604 948 655 est
964 597 1049 673 enim,
1065 606 1119 664 uts

67 676 195 738 elutius
211 685 312 737 noster
326 676 520 738 eruditissime
535 678 619 739 simul
637 687 667 739 et
678 677 854 739 facetissime
871 678 952 757 dixit,
971 681 1096 741 otiosum

88 778 156 823 esse
173 777 260 840 quatu
274 759 343 820 nihil
357 777 455 839 agere.
486 759 568 822 Vale.
817 778 823 789 ·

296 992 323 1047 (l.
342 992 468 1045 PLINIUS
484 897 767 1046 nuutchclcmtcttut
784 991 845 1044 SUO
864 991 891 1046 S.

51 1107 83 1160 10
151 1096 186 1156 si
203 1095 315 1174 quaudo
331 1095 399 1156 urbs
416 1106 513 1157 nostra
526 1096 693 1158 liberalibus
708 1094 809 1157 studiis
823 1095 930 1171 floruit,
947 1107 1116 1158 eunome-1

88 1182 164 1242 xime
188 1179 284 1240 iloret.
316 1177 405 1239 hlolta
426 1179 559 1260 claraque
579 1180 711 1259 exempla
731 1188 812 1248 sunt;
834 1179 982 1240 sufficeret
999 1190 1119 1257 unum‚a

89 1263 254 1342 Euphrates
275 1261 477 1341 philosophus.
497 1263 579 1324 llunc
604 1282 661 1344 ego
683 1267 712 1324 in
732 1263 832 1339 Syria,
849 1281 914 1322 cum
927 1261 1095 1324 adulescen-

91 1347 168 1408 tulus
181 1347 343 1425 militarem,
361 1349 476 1426 penitus
492 1356 523 1408 et
537 1348 612 1409 domi
627 1349 740 1427 inspexi
754 1348 897 1424 armarique
914 1347 950 1407 ab
966 1363 1002 1406 eo
1016 1346 1094 1407 labo·

91 1434 163 1509 ravi,
178 1433 234 1493 etsi
249 1448 306 1491 uon
322 1439 382 1491 erat
400 1429 594 1492 laborandum.
623 1430 677 1492 list
693 1432 768 1490 enim
782 1431 884 1491 obvius
899 1439 928 1489 et
944 1431 1094 1508 expositus

52 1535 83 1588 15
92 1515 254 1594 plenusque
271 1514 442 1576 humanitate
458 1532 541 1594 quam
557 1516 709 1594 praecipit.
738 1513 835 1592 Atque
850 1514 955 1574 uticam
971 1515 1014 1574 sic
1029 1514 1118 1590 ipset

93 1617 176 1679 mam
191 1616 273 1677 spem
289 1608 356 1658 tunc
376 1597 427 1659 ille
445 1598 480 1658 de
494 1617 539 1659 me
555 1601 690 1677 concepit
708 1597 902 1676 impleverim,
918 1606 949 1656 ut
961 1596 1011 1656 ille
1025 1595 1095 1655 mul·

92 1692 152 1742 tum
165 1682 318 1743 vinalibus
339 1683 399 1742 suis
419 1681 539 1743 addidit!
565 1692 614 1742 aut
632 1700 689 1761 ego
708 1699 784 1742 nuuc
803 1681 867 1742 illas
885 1681 976 1759 magis
996 1682 1094 1758 miror,

93 1768 160 1845 quia
176 1767 266 1843 magis
284 1765 434 1844 intellego.
471 1765 645 1846 Quamquam
661 1786 696 1827 ne
710 1784 785 1825 nunc
799 1766 914 1844 quidem
930 1766 999 1826 satis
1014 1764 1096 1825 iutel-

91 1850 171 1928 lego.
193 1849 231 1910 Ut
245 1851 320 1909 euim
334 1848 369 1910 de
387 1851 498 1928 pictore
510 1850 656 1930 scalptore
667 1851 767 1912 lictore
778 1851 833 1910 uisi
844 1849 946 1910 artiieu
956 1849 1120 1925 iudicare,4

50 1936 131 2003 suita
147 1935 203 1996 nisi
227 1935 344 2012 sapiens
365 1951 422 1993 uon
444 1943 541 2013 potest
557 1935 731 2013 'perspicere
752 1935 919 2012 sapientem.
952 1932 1117 2005 Quantumb

92 2028 186 2079 tamen
203 2017 271 2077 mihi
294 2035 413 2078 cernere
433 2017 531 2096 datur,
552 2018 640 2079 multa
662 2021 690 2078 in
705 2017 851 2095 Euphrate
871 2018 915 2078 sic
931 2019 1054 2076 eminent
1067 2024 1097 2076 et

92 2101 210 2162 elucent
232 2111 263 2162 ut
283 2100 466 2162 mediocriter
481 2119 596 2180 quoque
617 2102 720 2163 doctos
740 2101 886 2161 advertant
907 2108 936 2159 et
956 2098 1096 2159 adiiciant.

90 2185 228 2264 Disputat
253 2184 397 2247 subtiliter
422 2187 546 2262 graviter
569 2194 684 2261 ornate,
710 2185 876 2262 frequenter
897 2184 981 2241 etiam
1003 2182 1096 2242 Pluto·

91 2271 184 2331 nicam
198 2268 274 2329 illam
289 2268 492 2329 sublimitatem
503 2279 533 2330 et
545 2269 721 2331 latitudinem
732 2268 854 2346 effingit.
876 2266 977 2326 Sermo
990 2276 1035 2327 est
1047 2283 1096 2326 co·

49 2355 194 2433 tipiosus
210 2354 361 2430 otcarius,
384 2351 477 2413 dulcis
500 2355 528 2412 in
543 2355 653 2432 primis,
668 2362 698 2414 et
718 2354 766 2431 qui
780 2352 965 2430 repugnantis
980 2368 1096 2429 quoque

92 2437 178 2497 ducat
197 2435 325 2514 iupellat.
350 2435 397 2495 Ad
410 2435 467 2496 hoc
479 2438 638 2515 proceritas
654 2437 795 2515 corporis,
813 2434 1028 2511 decoraiacies‚
1045 2435 1118 2498 de·6

91 2523 199 2582 missus
220 2518 360 2598 capillus,
386 2521 487 2598 ingens
508 2530 538 2581 et
556 2538 623 2581 cana
635 2522 735 2589 barha;
761 2537 833 2598 quae
851 2518 921 2578 licet
937 2518 1052 2578 fortuita
1067 2527 1097 2577 et

91 2605 187 2665 inania
211 2612 361 2682 putentur,
382 2602 424 2664 illi
447 2613 539 2664 tamen
560 2604 710 2682 plurimum
726 2603 919 2663 venerationis
934 2602 1095 2680 adquirunt.

92 2687 197 2749 Nullus
210 2687 314 2747 horror
332 2689 361 2746 in
377 2687 475 2765 cultu,
497 2687 573 2748 nulla
588 2689 713 2765 tristitia,
727 2686 845 2747 multum
859 2687 1036 2747 severitatis:
1052 2691 1119 2747 rel

51 2771 221 2839 accersatis
244 2788 411 2846 occursum,
432 2787 489 2831 uon
508 2770 688 2833 reformides.
717 2770 800 2831 Vitae
821 2771 956 2831 sauctitas
977 2784 1095 2845 summa,

92 2856 212 2917 comitas
231 2872 298 2933 par:
319 2856 475 2915 insectatur
489 2856 575 2932 vitia,
596 2872 653 2915 non
672 2854 818 2930 homines,
839 2870 895 2912 uec
916 2852 1037 2929 castigat
1052 2869 1095 2910 er-

91 2947 189 3001 rantes
207 2938 261 2999 sed
277 2938 416 2999 emendat.
447 2938 583 3018 Sequaris
603 2947 765 2999 mouentem
781 2945 906 2997 attentus
921 2944 951 2995 et
969 2935 1098 3013 pendeus

92 3031 123 3084 et
140 3022 309 3102 persuaderi
326 3023 394 3099 titt,
417 3023 501 3083 etiam
516 3040 580 3083 cum
595 3023 786 3101 persuaserit,
810 3020 920 3098 cupias.
949 3018 1008 3080 lam
1023 3031 1119 3084 vescit

92 3104 178 3171 tueri
199 3115 276 3183 tres,
299 3104 356 3165 duo
377 3122 488 3183 mares,
515 3123 588 3185 quos
604 3105 824 3183 diligentissime
840 3104 973 3165 instituit.
1006 3103 1098 3164 Socer

51 3188 248 3269 ddl'ompeius
264 3188 407 3266 lulianus,
431 3207 494 3249 cum
517 3199 615 3251 cetera
628 3191 686 3249 vita
700 3198 759 3249 tum
774 3187 822 3248 vel
837 3186 894 3247 hoc
908 3205 964 3248 uuo
978 3205 1097 3264 magnus

93 3273 247 3349 stolatus,
263 3272 340 3350 quod
355 3275 420 3351 ipse
436 3274 602 3351 provinciae
613 3274 760 3351 princeps,
777 3272 852 3332 inter
866 3271 1017 3333 altissimas
1030 3288 1097 3330 con-

47 3389 51 3394 ·
92 3357 229 3434 ditionem
247 3374 385 3434 generum
397 3373 453 3417 uon
468 3356 627 3418 honoribus
642 3357 802 3434 principem
815 3355 868 3416 sed
883 3356 1022 3433 sapientia
1036 3353 1096 3413 ele·

93 3442 147 3519 pit.
167 3438 344 3519 Quamquam
356 3440 424 3520 quid
435 3456 492 3518 ego
505 3440 585 3518 plura
596 3440 632 3501 de
642 3439 704 3498 viro
719 3456 777 3518 quo
788 3438 856 3499 mihi
870 3438 925 3497 irui
936 3455 992 3496 non
1006 3434 1120 3498 tinette
