2400 3848
393 196 657 259 EPISTULARUM
673 196 739 258 1111.
762 208 804 261 14.
1066 198 1106 262 77

99 369 196 413 curam
213 359 318 411 tantmn
333 360 363 411 et
377 349 540 429 inpendium
555 351 678 413 vindico.
701 349 823 412 Proinde
839 352 864 412 si
880 353 943 430 quis
958 324 1046 416 luerit
1061 371 1106 411 re·
1118 367 1148 418 ll

98 446 199 516 pertus
218 436 267 514 qui
288 435 404 513 ingenio
424 451 477 494 suo
498 432 581 511 lidat,
602 443 647 493 eat
669 433 738 494 illuc
759 453 793 494 ea
813 434 881 513 lego
904 445 934 495 ut
956 435 1022 496 hinc
1036 437 1106 497 nihil

100 520 177 581 aliud
193 528 302 579 certum
318 535 400 597 quam
414 516 544 577 liduciam
559 534 637 578 suam
653 517 736 579 ferat.
765 517 847 580 Vale.

558 649 651 711 Xllll.

369 747 397 803 c.
416 746 542 800 nunnius
560 748 708 799 unrnnno
728 748 789 800 suo
808 747 835 802 a.

163 852 206 913 'l'u
226 853 349 914 fortasse
371 853 543 931 orationem,
564 862 594 913 ut
613 853 712 930 soles,
734 862 763 913 et
786 853 895 931 flagitas
911 864 941 914 et
955 866 1126 936 expectas,1

99 948 128 999 at
143 955 200 1016 ego
218 937 298 1016 qnasi
314 955 352 996 ex
367 935 458 1016 aliqua
469 939 622 1016 peregrina
632 936 812 1016 delicataque
824 956 921 998 merce
932 938 1012 999 lusus
1023 958 1104 1002 meos

100 1023 152 1082 tibi
173 1020 273 1102 prodo.
307 1021 445 1099 Accipies
474 1038 537 1079 cum
557 1020 611 1081 hac
631 1019 753 1100 epistula
774 1020 1032 1097 hendecasyllabos
1054 1038 1130 1089 nob

58 1123 93 1176 10
100 1115 188 1184 stros,
204 1106 306 1185 quibus
319 1120 372 1165 nos
388 1106 417 1164 in
430 1103 576 1182 vehiculo,
591 1106 618 1164 in
632 1104 756 1183 balineo,
773 1106 847 1164 inter
863 1123 961 1166 cenam
976 1107 1105 1168 oblecta-

99 1208 162 1250 mus
177 1191 263 1250 otium
276 1190 423 1267 temporis.
446 1187 496 1248 His
511 1189 647 1267 iocamur,
662 1188 794 1266 ludimus,
812 1207 946 1268 amamus,
964 1189 1132 1270 dolemus,3

99 1275 260 1353 querimur,
276 1274 438 1349 irascimur,
455 1271 640 1333 describimus
656 1272 760 1351 aliquid
777 1272 861 1333 modo
876 1277 1004 1353 pressius
1020 1275 1105 1336 modo

101 1356 221 1435 elatius,
244 1365 329 1435 atque
351 1357 413 1435 ipsa
430 1358 566 1417 varietate
585 1366 754 1436 temptamus
776 1356 894 1417 eilicere
914 1367 944 1416 nt
964 1357 1017 1418 alia
1031 1359 1104 1438 aliis,

100 1440 239 1520 quaedam
260 1440 382 1500 fortasse
406 1439 534 1500 omnibus
553 1438 694 1520 placeam.
724 1439 769 1500 Ex
784 1441 886 1518 quibus
901 1450 994 1501 tamen
1010 1444 1034 1503 si
1048 1455 1129 1508 noun

59 1546 93 1599 15
101 1523 181 1584 nulla
194 1524 245 1584 tibi
265 1522 351 1603 paulo
371 1522 559 1603 petulantiora
574 1524 761 1602 videbuntur,
783 1526 837 1584 erit
859 1524 1023 1585 eruditionis
1039 1537 1104 1587 tuae

103 1610 233 1686 cogitare
255 1623 378 1668 summos
397 1607 463 1668 illos
486 1617 516 1668 et
537 1610 721 1686 gravissimos
736 1610 814 1670 viros
836 1610 884 1686 qui
900 1607 964 1668 talia
979 1608 1105 1689 scripse·

100 1701 167 1753 runt
187 1709 244 1752 non
264 1689 348 1751 modo
362 1690 478 1752 lascivia
492 1710 586 1752 rerum
601 1692 653 1753 sed
664 1712 700 1752 nc
712 1693 808 1753 verbis
819 1691 933 1771 quidem
946 1693 1028 1755 nudis
1041 1695 1105 1754 abs·

100 1777 236 1846 tinuisse;
271 1793 343 1853 quae
368 1792 421 1836 nos
447 1775 619 1854 refugimus,
651 1794 707 1837 non
734 1778 798 1855 quia
821 1778 985 1838 severiores
1011 1777 1105 1858 (unde

102 1856 225 1938 enimi),
242 1859 295 1935 sed
311 1861 375 1939 quia
390 1860 545 1921 timidiores
561 1878 675 1921 sumus..
689 1859 799 1921 Scimus
814 1859 919 1941 alioqui
936 1861 1019 1923 huius
1034 1872 1126 1942 opu-5

58 1943 174 2012 bosculi
190 1942 266 2004 illam
281 1961 348 2004 esse
363 1945 539 2005 verissimam
553 1944 650 2021 legem
667 1963 748 2022 quam
763 1942 891 2006 Catullus
907 1948 1062 2026 expressit,

252 2044 315 2087 nam
331 2037 438 2087 castum
453 2045 520 2087 esse
534 2027 619 2087 decet
635 2029 712 2107 pium
726 2035 841 2105 potitam

251 2113 355 2189 ipsum,
371 2110 533 2171 versiculos
548 2109 615 2169 nihil
631 2129 755 2171 neeesse
770 2118 826 2188 est,

254 2196 301 2274 qui
317 2203 384 2254 tunc
400 2193 522 2273 denique
540 2192 644 2254 habent
659 2193 748 2254 salem
763 2203 792 2254 et
806 2192 953 2273 leporem,

254 2280 279 2339 si
293 2287 358 2338 sunt
375 2276 514 2338 molliculi
528 2286 557 2337 et
572 2295 669 2357 parum
683 2278 789 2357 pudici.

59 2372 93 2427 25
100 2361 166 2442 ligo
182 2363 277 2442 quanti
291 2361 392 2422 faciam
407 2361 539 2422 indicium
553 2371 637 2422 tuum
652 2361 700 2422 vel
718 2381 756 2423 ex
776 2362 832 2422 hoc
846 2372 931 2441 potes
945 2364 1133 2441 aestimare,6

101 2445 180 2526 quod
193 2444 278 2505 malui
295 2448 386 2506 omnia
403 2464 419 2507 a
441 2457 470 2507 te
486 2447 622 2526 pensitari
637 2464 720 2526 quam
739 2445 833 2508 electa
847 2446 961 2507 laudari.
984 2445 1021 2507 Et
1037 2465 1106 2508 sane

101 2548 176 2610 quae
194 2539 259 2590 sunt
274 2530 500 2593 commodissima
516 2530 646 2592 desinunt
659 2530 765 2609 videri,
782 2549 845 2592 cum
859 2533 937 2611 paria
954 2550 1022 2593 esse
1039 2549 1106 2592 coe-

101 2622 214 2693 perunt.
246 2613 398 2675 Praeterea
412 2615 527 2694 sapiens
543 2615 714 2695 subtilisque
729 2615 824 2676 lector
838 2633 895 2675 non
910 2615 997 2676 debet
1013 2615 1129 2678 diver-t

59 2759 64 2766 ,
102 2700 143 2760 sis
161 2697 293 2759 conferre
315 2698 429 2760 diversa
449 2699 503 2760 sed
525 2698 636 2777 singula
657 2698 821 2778 expendere
838 2718 894 2759 nec
909 2698 1034 2759 deterius
1050 2697 1107 2757 alio

58 2790 202 2861 aopntare
220 2780 296 2861 quod
312 2790 357 2843 est
374 2784 402 2841 in
416 2798 470 2844 suo
485 2801 593 2860 genere
608 2782 777 2861 perlectum.
808 2781 866 2842 Sed
884 2782 950 2860 quid
968 2797 1025 2858 ego
1042 2780 1131 2860 plu-8

101 2861 154 2926 rai
178 2883 241 2924 nam
261 2865 346 2943 longa
360 2866 536 2944 praefatione
551 2865 599 2925 vel
616 2883 755 2926 excusare
771 2864 819 2924 vel
835 2865 1034 2925 commendare
1047 2866 1106 2925 ine·

102 2950 176 3029 ptius
194 2951 400 3028 ineptissimum
416 2959 471 3010 cst.
499 2948 591 3008 Unum
608 2947 677 3007 illud
694 2946 916 3027 praedicendum
928 2946 1041 3008 videtur
1059 2966 1107 3009 co·

102 3034 194 3111 giture
216 3051 262 3093 me
289 3032 339 3095 has
366 3051 457 3110 nugas
480 3032 639 3092 inscribere
662 3030 938 3110 hendecasyllabos,
966 3035 1014 3112 qui
1040 3033 1106 3093 titu-

101 3116 148 3179 lus
171 3115 234 3179 sola
251 3118 332 3177 metri
353 3117 420 3195 lege
442 3117 653 3194 constringitur.
685 3114 806 3176 Proinde
829 3116 892 3176 sine
905 3116 1130 3195 epigrammata9

61 3202 165 3265 bbsivo
185 3200 283 3275 idyllia
302 3203 365 3262 sive
386 3199 504 3278 eclogas
526 3202 605 3279 sive,
631 3209 661 3260 ut
678 3199 775 3278 multi,
796 3201 937 3277 poematia
956 3219 1009 3261 seu
1031 3197 1108 3278 quod

103 3283 179 3345 aliud
194 3301 301 3345 vocare
312 3283 444 3346 malueris
459 3284 561 3346 licebit
573 3302 682 3361 voces,
699 3300 755 3360 ego
770 3292 875 3344 tantum
890 3281 1107 3358 hendecasylla·
1190 3352 1199 3367 l

104 3368 158 3431 bos
179 3377 305 3449 praesto.
336 3369 364 3428 Α
382 3367 564 3447 simplicitate
580 3377 626 3428 tua
648 3377 717 3446 peto
736 3375 767 3426 ut
784 3367 859 3446 quod
876 3367 912 3427 de
928 3365 1027 3426 libello
1041 3383 1107 3426 meo
1117 3374 1167 3430 10*

106 3451 232 3514 dictums
255 3471 288 3513 es
310 3450 358 3513 alii
377 3451 443 3512 mihi
465 3451 668 3529 dicamusque
690 3459 734 3512 est
756 3450 872 3512 dillicile
889 3448 964 3530 qnod
980 3448 1107 3529 postulo.

73 700 89 751 5
