2400 3840
111 196 176 262 296
536 195 571 258 C.
592 194 691 257 Pbllll

115 367 285 429 promovere
311 349 418 427 vellet,
443 351 510 428 quia
528 350 624 410 mutati
644 348 750 410 saeculi
771 350 882 426 signum
901 359 930 409 et
951 349 1008 410 boc
1028 361 1120 428 esset,

114 433 190 512 quod
204 432 339 495 llorerent
353 451 473 512 quorum
485 434 672 512 praecipuum
684 442 781 493 votum
792 441 857 492 ante
868 432 962 494 luerat
973 443 1003 493 ut
1014 451 1120 494 memo·

60 509 102 573 91
115 520 173 579 riae
191 518 328 596 principis
348 517 538 579 elaberentur.
571 514 702 578 Nondum
719 517 863 577 biennium
883 517 1119 595 conpleveramus

113 603 141 660 iu
155 601 253 662 oillcio
264 601 488 663 laboriosissimo
503 612 533 662 et
543 601 676 678 maximo,
692 617 756 660 cum
772 609 803 661 tu
814 599 908 676 nobis,
924 603 1031 678 optime
1044 601 1117 678 prin·

114 688 226 763 cipum,
253 685 408 747 fortissime
429 687 645 764 imperatorum,
673 683 848 744 consulatum
866 683 1010 761 obtulisti,
1036 693 1065 742 ut
1083 683 1144 744 adt

114 787 251 829 summum
263 770 401 831 honorem
411 769 504 847 gloria
518 768 673 830 celeritatis
684 766 847 828 accederet.
871 767 990 828 'lantum
1004 769 1077 827 inter
1089 776 1117 827 te

114 863 144 914 et
158 853 224 915 illos
247 855 392 933 principes
406 855 526 914 interest
542 853 591 931 qui
606 851 756 912 beneficiis
770 853 829 911 suis
846 850 1117 912 commendationem

114 954 151 997 ex
171 936 337 998 difficultate
359 937 526 1016 captabunt,
546 937 746 1014 gratioresque
765 935 974 1012 accipientibus
995 934 1117 994 bonores

112 1021 334 1097 arbitrabantur,
350 1023 375 1081 si
387 1023 465 1100 prius
476 1020 543 1080 illos
555 1020 718 1099 desperatio
734 1029 763 1081 et
777 1018 901 1079 taedium
915 1029 946 1079 et
960 1018 1060 1079 similis
1073 1036 1118 1076 re·

113 1103 214 1182 pulsae
228 1120 307 1163 mora
323 1104 352 1162 iu
367 1113 461 1163 nomm
476 1102 613 1182 quandam
627 1103 823 1183 pudoremque
836 1103 1001 1164 vertissent.
1018 1100 1116 1162 Obstat
1127 1111 1158 1161 ιο

113 1185 284 1246 verecundia
297 1202 354 1264 quo
369 1188 460 1247 miuus
474 1204 697 1265 percenseamus
709 1205 766 1266 quo
777 1196 928 1265 utmmque
940 1195 1065 1247 noenum
1076 1194 1117 1245 te-

112 1271 244 1330 stimonio
258 1271 383 1348 ornaris,
399 1280 429 1331 ut
443 1288 538 1332 amore
549 1272 639 1348 recti,
653 1288 750 1331 amore
767 1273 810 1331 rei
824 1270 957 1351 publicae
972 1271 1075 1348 priscis
1085 1268 1118 1327 il·

113 1352 150 1413 lis
165 1352 331 1415 consulibus
347 1357 523 1434 aequaveris.
550 1353 652 1416 llerito
673 1373 728 1416 nec
743 1374 799 1431 ue,
820 1363 947 1415 neutram
962 1356 990 1413 iu
1010 1362 1119 1432 partem

114 1437 273 1498 decernere
287 1439 456 1517 audeamus,
484 1441 550 1518 quia
564 1457 619 1499 uec
634 1439 677 1500 ias
694 1448 739 1501 est
753 1439 939 1500 adfirmationi
954 1446 1020 1498 tuae
1036 1437 1118 1497 dero·

113 1539 182 1598 gare
201 1531 231 1582 et
245 1540 398 1584 onerosum
413 1524 542 1584 confiteri
558 1540 626 1582 vera
641 1540 708 1583 esse
723 1539 797 1600 quae
813 1522 850 1582 de
864 1523 964 1599 uobis,
987 1529 1159 1599 praeter-15

113 1607 161 1665 tim
176 1614 232 1665 tam
247 1608 411 1684 magnifica,
426 1607 530 1668 dixisti.
551 1605 593 1664 'lu
608 1614 701 1665 tamen
716 1604 818 1683 diguus
836 1624 869 1665 es
885 1608 933 1684 qui
948 1623 1001 1665 eos
1017 1622 1118 1664 consu·

113 1687 158 1748 les
169 1688 256 1750 iacias
267 1690 304 1749 de
312 1691 414 1769 quibus
422 1692 476 1752 ista
488 1691 583 1768 possis
591 1689 767 1767 praedicare.
779 1688 899 1750 Tribuas
909 1691 1030 1766 veniam,
1043 1687 1119 1766 quod

113 1773 187 1831 iuter
202 1772 274 1832 baec
290 1773 430 1834 beneficia
444 1783 491 1833 tua
504 1774 693 1850 gratissimum
705 1782 750 1834 est
763 1774 846 1834 uobis
861 1771 938 1852 quod
953 1789 1005 1832 nos
1021 1790 1118 1831 rursus

114 1854 243 1932 collegas
265 1873 332 1916 esse
348 1855 473 1917 voluisti.
499 1855 540 1916 lta
557 1858 657 1918 caritas
671 1866 783 1933 mutua,
804 1859 844 1916 ita
861 1873 1022 1934 congruens
1035 1863 1118 1914 tenor

112 1940 204 2015 vitae,
231 1938 268 1999 ita
292 1956 345 1999 uua
367 1939 526 2020 eademque
540 1943 613 2001 ratio
626 1942 768 2020 propositi
783 1941 962 2018 postulabat,
987 1939 1068 1997 cuius
1083 1945 1159 1997 ecto

112 2024 156 2082 vis
171 2032 201 2083 ut
215 2038 323 2082 morum
337 2023 490 2085 similitudo
503 2025 673 2085 concordiae
688 2034 803 2084 nostrae
814 2023 934 2101 gloriam
947 2024 1068 2099 minuat,
1084 2040 1117 2081 ac

115 2104 232 2183 perinde
246 2106 283 2166 sit
296 2109 412 2185 mirum,
429 2111 453 2171 si
470 2109 541 2169 alter
557 2119 684 2169 nostrum
698 2127 714 2168 a
729 2107 860 2186 collega,
882 2126 916 2168 ac
932 2109 957 2167 si
971 2125 987 2166 a
1004 2125 1037 2167 se
1054 2108 1117 2185 ipse

114 2189 268 2252 dissentiat.
289 2187 354 2250 Nou
368 2209 440 2270 ergo
454 2195 654 2271 temporarium
668 2202 697 2252 et
711 2193 834 2253 subitum
848 2202 893 2253 est
907 2190 984 2270 quod
998 2200 1116 2268 uterque

114 2272 247 2352 collegae
262 2273 410 2335 consulatu
425 2284 565 2355 tamquam
580 2278 681 2338 iterum
702 2294 755 2337 suo
775 2274 894 2353 gaudet;
916 2277 970 2336 nisi
985 2273 1063 2353 quod
1078 2282 1116 2332 ta-

113 2374 177 2417 men
198 2359 245 2436 qui
260 2376 357 2420 mrsus
373 2358 509 2421 consules
524 2360 593 2419 liunt
607 2359 652 2421 bis
666 2359 797 2438 quidem,
819 2358 871 2419 sed
885 2359 1062 2437 temporibus
1076 2356 1115 2416 di·
1124 2363 1157 2414 25

113 2442 205 2500 versis
220 2439 398 2519 obligantur,
414 2460 467 2502 nos
479 2445 552 2504 duos
564 2443 730 2504 consulatus
746 2445 904 2522 accipimus
919 2441 1019 2519 simul,
1036 2439 1117 2502 simul

113 2526 255 2598 gerimus,
278 2524 408 2601 alterque
430 2527 458 2584 in
472 2525 565 2587 altero
581 2526 699 2606 consul,
721 2527 774 2587 sed
787 2529 889 2588 iterum
904 2537 933 2588 et
950 2528 1056 2606 pariter
1071 2542 1116 2584 su·

60 2605 103 2668 92
114 2623 185 2666 mus.
214 2605 288 2666 lllud
307 2624 378 2667 vero
399 2625 481 2685 quam
500 2610 631 2688 insigne,
648 2611 725 2689 quod
738 2611 821 2672 uobis
836 2611 992 2690 praelectis
1009 2610 1117 2670 aerario

114 2687 289 2752 consulatum
303 2700 368 2751 aute
384 2709 467 2770 quam
481 2711 681 2755 successorem
698 2695 815 2756 dedisti!
830 2695 924 2756 Aucta
938 2703 984 2755 est
997 2693 1117 2770 dignitas

114 2774 259 2852 dignitate,
270 2793 326 2837 nec
338 2777 517 2838 continuatus
528 2787 633 2839 tantum
639 2778 692 2839 sed
699 2781 855 2856 geminatus
869 2786 914 2838 est
923 2777 1014 2838 bonor
1022 2778 1158 2836 linem-30

113 2877 170 2938 que
186 2863 335 2937 potestatis
349 2860 482 2937 alterius,
503 2870 642 2941 tamquam
657 2880 756 2941 parum
769 2872 849 2923 esset
863 2863 1019 2940 excipere,
1036 2878 1116 2938 prae-

113 2944 202 3002 venit.
225 2942 311 3004 Tanta
325 2945 375 3004 tibi
390 2946 561 3022 integritatis
574 2955 690 3005 nostrae
705 2946 809 3006 fiducia
823 2946 876 3006 luit
892 2955 923 3005 ut
935 2963 991 3004 nou
1008 2944 1116 3004 dubita·

113 3042 162 3084 res
177 3033 206 3084 te
221 3026 299 3088 salva
313 3027 480 3106 diligentiae
495 3038 560 3089 tuac
575 3031 685 3089 ratione
699 3029 856 3106 iacturum,
873 3030 898 3090 si
911 3047 964 3088 uos
980 3038 1048 3108 post
1061 3045 1117 3086 ma·

114 3109 218 3168 nimum
233 3109 357 3170 oliicium
371 3114 497 3191 privatos
510 3132 579 3173 esse
592 3129 648 3172 uon
659 3114 780 3174 sineres.
803 3111 889 3189 Quid,
905 3112 981 3190 quod
997 3110 1117 3171 eundem

114 3211 143 3252 ιιι
159 3209 261 3253 aunum
281 3195 456 3255 consulatum
474 3205 601 3258 nostrum
623 3193 789 3258 contulisti?
824 3195 903 3274 Ergo
923 3214 981 3257 uon
995 3193 1050 3257 alia
1063 3199 1157 3255 nesib

114 3278 216 3354 pagiua
228 3294 310 3354 quam
323 3287 352 3338 te
367 3279 515 3341 consulem
527 3282 660 3359 accipiet,
673 3290 703 3341 et
715 3291 933 3359 nostraquoque
945 3281 1058 3340 uomina
1068 3277 1116 3338 ad·

114 3359 215 3420 dentur
225 3360 307 3422 lastis
319 3363 420 3440 quibus
435 3365 722 3443 ipsepraescriberis.
738 3364 1023 3426 Tucouritiisuostris
1036 3380 1117 3441 prae·

103 3441 212 3523 sidere,
232 3453 263 3505 tu
276 3447 363 3508 uobis
378 3449 588 3512 sanctissimum
597 3446 670 3508 illud
678 3466 792 3508 carmen
804 3450 917 3527 praeire
928 3447 1060 3530 diguatus
1071 3465 1115 3523 es,
