2400 3840
119 181 161 245 oo
545 177 577 239 o.
600 176 696 239 eninr
1190 208 1192 267 ,

94 334 308 399 ⁴idelinimentis
329 332 533 410 refringantur:
563 332 734 392 hebetentur
753 329 877 392 fortasse
900 340 930 391 et
950 332 1065 413 paulum
1082 352 1123 393 re·

95 417 286 495 otundantur,
309 416 395 476 evelli
417 416 532 494 quidem
554 416 777 493 extorquerique
798 430 856 474 non
878 425 1010 495 possunt,
1039 414 1124 495 Igitur

120 520 176 562 non
191 512 299 563 temere
323 502 377 560 ianr
398 518 472 561 nune
494 499 530 560 de
551 500 734 560 universitate
757 501 926 577 pronuntio,
949 499 986 559 de
1002 501 1124 579 partibus

121 588 252 665 experiar
265 584 399 662 legendo.
433 582 515 647 Vale.

583 713 660 774 xvi.
1130 682 1145 738 ⁶

410 816 436 866 Ο.
455 813 582 867 PLINIUS
598 814 712 866 NEPOTI
732 812 791 864 SUO
808 810 833 864 S.

94 937 105 986 1
180 920 342 980 Adnotasse
357 918 457 978 videor
469 918 544 978 laeta
556 919 688 996 dietaque
700 919 823 977 virorum
833 915 1061 996 feminarumque
1072 917 1122 980 aha

93 1004 237 1068 amariora
254 1020 321 1062 esse
336 1001 390 1061 alia
405 1003 517 1060 maiora.
547 999 716 1062 Confirmata
732 1009 777 1062 est
797 1001 893 1080 opinio
909 1017 974 1060 mea
990 1002 1121 1063 hesterno

118 1086 240 1146 Fanniae
254 1101 395 1144 sermone.
418 1082 520 1163 Neptis
534 1084 607 1143 haee
620 1084 721 1144 Arriae
735 1083 810 1144 illius
826 1101 899 1163 quae
913 1087 1016 1146 marito
1031 1096 1060 1147 et
1075 1097 1154 1149 so-lo

118 1167 220 1227 laoium
242 1169 340 1228 mortis
361 1176 390 1227 et
413 1167 576 1246 exemplum
597 1167 660 1230 fnit.
689 1167 778 1229 Multa
799 1167 944 1228 referebat
960 1171 1042 1230 aviae
1057 1189 1122 1232 suae

117 1267 173 1310 non
189 1253 298 1311 minora
313 1252 369 1312 hoo
384 1251 437 1313 sed
452 1251 634 1322 obscuriora;
656 1270 730 1329 qnae
751 1252 801 1313 tibi
822 1253 956 1312 existimo
973 1261 1029 1313 tam
1043 1256 1120 1314 mira·

91 1335 183 1404 abilis
199 1335 307 1413 legenti
321 1336 396 1414 fore,
413 1353 495 1414 quam
509 1337 575 1396 mihi
586 1334 709 1397 audienti
720 1334 840 1395 inerunt.
863 1334 1042 1414 Aegrotabat
1053 1337 1120 1400 Gae-

118 1418 180 1482 oina
196 1419 309 1499 Paetus,
326 1423 440 1481 maritus
457 1423 537 1498 eius,
555 1420 721 1498 aegrotabat
736 1428 765 1479 et
782 1418 871 1496 iilius,
889 1429 1013 1500 uterque
1027 1424 1119 1483 morti·

116 1503 195 1583 iere,
215 1516 243 1566 ut
264 1505 426 1567 videbatur:
445 1505 517 1565 lilius
538 1504 664 1564 deoessit
684 1504 785 1563 eximia
808 1503 1037 1582 pulchritudine,
1060 1508 1118 1586 pari
1126 1506 1152 1559 15

117 1588 299 1664 verecundia,
316 1598 344 1648 et
360 1589 525 1666 parentibus
540 1605 598 1648 non
612 1589 702 1649 minus
718 1588 755 1648 ob
770 1586 824 1646 alia
839 1604 932 1662 carus,
950 1607 1036 1666 qnam
1047 1589 1119 1669 quod

89 1670 190 1737 4iilius
212 1681 279 1730 erat.
312 1670 385 1730 Huie
406 1670 454 1730 illa
473 1673 511 1730 ita
532 1672 614 1731 funus
636 1674 758 1749 paravit,
781 1672 819 1730 ita
840 1671 918 1731 duxit
939 1675 1078 1753 exequias
1092 1683 1119 1733 nt

115 1755 259 1829 ignoraret
269 1754 399 1812 maritus:
415 1755 482 1831 quin
494 1755 589 1832 immo,
606 1757 735 1834 quotiens
748 1753 908 1814 cubiculum
919 1758 982 1816 eius
993 1759 1117 1834 intraret,

114 1838 213 1895 vivere
229 1836 314 1896 lilium
329 1845 413 1915 atque
426 1839 509 1898 etiam
522 1839 741 1899 commodiorem
753 1857 820 1899 esse
833 1837 992 1920 simulabat,
1009 1859 1044 1902 ae
1056 1860 1117 1920 per-

115 1937 204 1999 saepe
224 1922 408 1998 intemoganti
430 1920 496 1999 quid
517 1933 618 1999 ageret
640 1941 712 2002 puer
725 1921 918 2001 respondebat
935 1924 1024 1986 ‘bene
1041 1927 1152 2004 quia-au

89 2007 165 2082 suit,
182 2003 303 2066 libenter
319 2006 412 2067 oibnm
427 2008 567 2085 sumpsit!
590 2005 718 2084 Deinde,
736 2023 799 2065 oum
814 2005 861 2066 diu
876 2007 1023 2069 oohibitae
1037 2008 1116 2069 laori-

113 2105 176 2148 mae
191 2090 339 2150 vinoerent
353 2101 645 2169 prorumperentque,
663 2089 878 2167 egrediebatur:
893 2099 961 2150 tuno
976 2111 1012 2153 se
1028 2092 1116 2153 dolori
1190 2086 1192 2093 ’

114 2173 211 2233 dabat:
235 2176 335 2236 satiata
349 2176 436 2234 sioois
452 2173 543 2235 oeulis
562 2175 722 2252 eomposito
737 2173 816 2234 vultu
829 2175 956 2253 redibat,
978 2185 1116 2256 tamquam

87 2257 262 2324 sorbitatem
282 2258 352 2316 foris
367 2255 540 2334 reliquisset.
570 2256 747 2316 Praeclarum
763 2257 875 2335 quidem
889 2259 960 2319 iliud
976 2261 1114 2338 eiusdem,

113 2338 219 2396 ferrum
234 2341 386 2416 stringere,
402 2339 556 2417 perfodere
572 2351 684 2418 peetus,
703 2342 852 2402 extrahere
868 2344 1034 2421 pugionem,
1050 2347 1150 2423 por-td

111 2423 207 2498 rigere
229 2424 345 2498 marito,
369 2421 473 2483 addere
493 2441 597 2485 vocem
618 2425 802 2485 immortalem
826 2442 860 2485 ao
880 2443 972 2504 paene
996 2426 1115 2488 diuinam

112 2502 219 2584 ‘Paete
237 2524 293 2567 non
310 2505 411 2568 dolet'
433 2506 491 2567 Sed
505 2518 598 2569 tamen
613 2510 666 2571 ista
680 2508 812 2587 facienti,
835 2511 889 2569 ista
904 2509 1011 2571 dioenti
1025 2511 1115 2589 gloria

111 2597 140 2650 et
159 2591 310 2651 aeternitas
331 2601 396 2652 ante
418 2591 519 2653 oeulos
542 2603 635 2662 erant;
658 2609 715 2671 quo
737 2595 826 2653 maius
849 2594 971 2654 estsine
988 2598 1114 2674 praemio

109 2676 295 2754 aeternitatis,
312 2678 373 2736 sine
388 2677 514 2755 praemio
529 2676 640 2753 gloriae
655 2676 762 2737 abdere
777 2675 923 2754 laerimas,
942 2679 1058 2756 operire
1073 2678 1114 2738 lu-

83 2763 195 2839 totum,
211 2762 373 2839 amissoque
389 2760 447 2819 idio
462 2770 578 2820 matrem
593 2759 684 2819 adhue
700 2779 798 2838 agere.
822 2759 1024 2823 Scribonianus
1039 2780 1113 2824 arma
1120 2766 1155 2826 tt'

107 2844 136 2900 in
151 2841 267 2918 lllyrieo
283 2854 381 2906 eontra
397 2842 544 2904 Claudiurn
557 2852 702 2905 moverat:
716 2844 809 2906 luerat
824 2843 926 2905 Paetus
941 2848 969 2905 in
985 2847 1113 2925 partibus

81 2931 138 2985 8et
153 2929 251 2987 ueeiso
267 2929 452 2989 Scriboniano
467 2928 586 2987 Romam
600 2929 770 2988 trahebatur.
796 2927 865 2989 Erat
878 2947 1050 2991 ascensurus
1065 2948 1111 2991 na·

106 3024 185 3066 vem:
201 3009 283 3070 Arria
296 3012 399 3071 milites
415 3013 512 3072 orabat
528 3020 557 3071 nt
572 3011 654 3070 simul
668 3015 859 3093 inponeretur.
884 3011 1008 3095 ‘Nempe
1023 3017 1110 3075 enim'
1190 2990 1192 3069 !

106 3090 202 3168 inquid
223 3092 325 3154 ‘daturi
347 3097 416 3155 estis
439 3095 581 3155 oonsulari
595 3099 657 3156 vino
672 3096 804 3158 servolos
819 3096 940 3176 aliquos,
959 3116 1110 3177 quomme
1190 3126 1192 3179 p

105 3189 187 3232 manu
204 3175 298 3234 eibum
314 3181 417 3256 capiat,
433 3197 449 3238 a
466 3181 567 3257 quibus
577 3183 724 3258 vestiatur,
739 3181 868 3259 aquibus
883 3181 1035 3242 oaloietur:
1051 3190 1147 3246 ombb
1190 3200 1192 3231 ³

80 3257 151 3316 tinia
167 3256 229 3316 sola
243 3261 416 3335 praestabo!
439 3261 503 3323 Non
514 3266 688 3341 impetravit:
705 3264 838 3325 eonduxit
849 3266 1031 3342 piscatoriam
1043 3284 1109 3327 nau·

107 3337 199 3398 eulam
217 3342 376 3420 ingensque
397 3348 539 3422 navigium
564 3349 676 3407 minimo
697 3356 796 3408 seeuta
819 3358 872 3408 est.
905 3347 1015 3412 Eadem
1035 3350 1108 3429 apud

106 3419 252 3484 Claudium
279 3427 359 3485 uxori
387 3426 580 3509 Scriboniani,
607 3449 669 3489 enm
691 3431 738 3493 illa
760 3433 943 3510 profiteretur
963 3434 1106 3513 indicium,

71 3570 93 3616 h
