2400 3840
105 169 167 234 urs
350 249 354 256 ,
527 167 559 231 s.
583 166 679 229 unm

104 323 264 400 stringebar
288 320 456 399 plerumque
478 319 588 398 frigidis
615 321 757 398 negotiis,
787 337 860 398 quae
882 319 966 381 simul
990 331 1020 381 et
1045 339 1105 382 aro·

76 414 169 466 bosut
184 407 302 464 animum
318 412 348 464 et
363 406 561 464 comminuunt.
583 403 733 464 Praeterea
747 420 802 463 nec
817 402 935 464 materia
946 403 1028 483 plura
1043 408 1105 465 scri-

103 489 188 550 bendi
212 487 338 549 dabatur.
370 486 472 567 Neque
495 490 569 547 enim
593 486 692 548 eadem
711 497 808 547 nostra
829 485 958 547 conditio
980 506 1053 567 quae
1072 487 1105 548 ll.

104 570 196 650 Tulli,
218 572 252 632 ad
271 574 350 632 cuius
367 571 526 652 exemplum
542 589 595 632 nos
615 589 712 632 uocas.
745 569 790 630 illi
808 572 928 631 enimet
946 573 1106 650 copiosissi-

103 673 177 715 mum
198 657 340 734 ingenium
361 664 389 716 et
407 657 521 734 ingenio
544 673 598 734 qua
618 657 740 715 varietas
760 673 856 715 rerum
877 673 934 735 qua
948 655 1125 733 magnitudof,

75 739 262 818 elargissime
280 741 460 819 suppetebat.
488 739 548 800 Nos
563 757 646 818 quam
660 741 787 817 angustis
803 740 933 798 terminis
950 737 1106 801 claudamur

105 826 186 883 etiam
207 833 320 884 tacente
341 841 386 884 me
410 825 569 902 perspicis,
594 825 648 884 nisi
668 822 742 882 iorte
763 822 898 883 volumus
920 822 1105 884 scholasticas

75 908 153 967 atibi
168 907 271 985 adque,
287 917 316 966 ut
331 909 367 966 ita
382 907 483 984 dicam,
500 907 668 968 umbraticas
683 905 792 967 litteras
807 907 931 966 mittere.
968 905 1029 967 Sed
1043 907 1106 968 nibil

102 992 192 1049 minus
209 1000 304 1068 aptum
318 990 498 1068 arbitramur,
521 1008 584 1049 cum
604 1009 679 1051 arma
693 999 804 1068 vestra,
827 1006 893 1050 cum
910 1000 1024 1068 castra,
1049 1007 1106 1051 cum

76 1072 224 1150 bdenique
241 1089 345 1131 cornua
360 1073 442 1132 tubas
457 1073 590 1133 sudorem
602 1075 750 1154 pulverem
763 1073 843 1134 soles
861 1075 1034 1152 cogitamus.
1056 1074 1138 1136 iia-rc

99 1153 165 1230 bes,
182 1164 312 1232 utputo,
328 1157 429 1217 iustam
443 1159 673 1236 excusationem,
690 1175 773 1238 quam
783 1167 878 1218 tamen
894 1157 997 1219 dubito
1012 1177 1047 1220 au
1060 1160 1105 1220 tibi

99 1236 213 1316 probari
230 1238 325 1298 uelim.
356 1237 409 1300 Est
431 1241 505 1300 enim
526 1243 625 1301 summi
640 1244 742 1302 amoris
763 1260 872 1320 negare
887 1244 1003 1302 veniam
1019 1244 1105 1304 breui·

98 1320 154 1462 pup
172 1322 303 1400 epistulis
321 1325 489 1403 amicorum,
506 1327 632 1404 quamuis
647 1327 722 1387 scias
737 1324 793 1385 illis
809 1336 946 1386 constare
961 1329 1103 1388 rationem.

124 1423 139 1463 a
153 1423 177 1463 e.

578 1537 627 1597 111.
1112 1545 1137 1598 15

376 1631 402 1684 G.
421 1635 544 1686 PLINIUS
562 1636 702 1688 PAULINO
719 1636 780 1688 SUO
797 1637 824 1690 S.
873 1647 875 1651 '

73 1740 89 1790 1
161 1726 243 1785 Alius
265 1728 356 1808 aliud,
377 1751 432 1809 ego
451 1736 643 1797 beatissimum
663 1739 794 1799 existimo
816 1741 864 1819 qui
886 1741 984 1802 bonae
998 1761 1103 1804 mansu·

98 1825 205 1885 raeque
223 1809 312 1871 famae
334 1821 565 1897 praesumptione
580 1821 734 1900 perfruitur
754 1833 912 1904 certusque
928 1827 1103 1906 posteritatis

99 1908 162 1950 cum
176 1891 268 1952 futura
279 1894 369 1971 gloria
384 1901 462 1960 vivit.
486 1901 529 1963 Ac
543 1905 609 1963 mibi
621 1906 674 1964 nisi
685 1908 840 1985 praemium
851 1914 1032 1974 aeternitatis
1043 1923 1103 1973 aute

70 1972 217 2072 loculos,
243 1980 350 2056 pingue
370 1982 439 2043 illud
452 1985 602 2065 «altumque
618 1991 704 2048 otium
720 1990 842 2068 placeat.
874 1992 993 2056 Etenim
1009 1999 1137 2057 omnesne

96 2055 225 2119 hommes
242 2061 362 2123 arbitror
378 2079 512 2144 oportere
528 2079 574 2130 aut
584 2072 811 2136 inmortalitatem
826 2094 906 2137 suam
921 2089 971 2141 aut
982 2079 1104 2142 mortali·

97 2145 182 2237 tatem
194 2146 333 2237 cogitare,
350 2157 379 2208 et
391 2149 456 2211 illos
469 2153 582 2231 quidem
593 2156 768 2219 contendere
784 2162 864 2238 eniti,
881 2162 937 2222 bos
953 2166 1104 2243 quiescere

95 2231 199 2280 remuttr
215 2242 271 2321 nec
286 2228 403 2289 brevem
417 2237 502 2295 vitam
519 2235 633 2298 caducis
648 2238 792 2315 laboribus
808 2243 950 2325 fatigare,
974 2259 1006 2310 ut
1021 2247 1103 2308 video

95 2302 200 2395 multos
214 2321 316 2404 misera
330 2314 412 2373 simul
433 2327 462 2376 et
483 2320 592 2396 ingrata
605 2321 726 2398 imagine
742 2326 898 2389 industriae
915 2329 952 2390 ad
967 2331 1104 2393 uilitatem

69 2389 139 2444 ssur
155 2401 316 2459 pervenire.
338 2394 417 2457 Haec
433 2417 489 2477 ego
501 2410 611 2478 tecum,
630 2423 703 2481 quae
719 2409 824 2471 cotidie
840 2429 967 2492 mecum,
984 2425 1016 2476 ut
1030 2415 1135 2477 desi-tt

94 2479 156 2520 nam
168 2483 290 2547 mecum,
303 2477 332 2536 ,si
348 2478 501 2576 dissenties
516 2493 545 2543 tu
554 2508 561 2553 ;
578 2504 744 2566 quamquam
754 2510 811 2553 nou
823 2493 995 2577 dissenties,
1013 2509 1045 2560 ut
1056 2499 1103 2579 qul

93 2563 209 2623 semper
226 2552 331 2615 clarum
343 2560 447 2638 aquuid
462 2574 491 2623 et
506 2566 653 2628 inmortale
669 2574 817 2638 meditere.
836 2576 920 2639 Vale.

556 2698 620 2760 llll.

362 2789 389 2842 c.
409 2792 533 2847 aurnuns
551 2799 695 2853 nuncnunc
715 2803 775 2855 sno
795 2807 823 2860 s,

64 2879 81 2931 1
131 2872 333 2982 'Verererone
353 2890 518 2955 inmodicam
539 2902 694 2962 orationem
716 2914 832 2984 putares
854 2928 940 2990 quarn
963 2933 1030 2976 cum
1049 2917 1101 2978 bae

90 2954 212 3025 epistula
231 2977 372 3068 accrpres,
401 2977 455 3035 nisi
477 2991 556 3041 esset
573 2987 688 3059 generis
707 2989 769 3050 eius
791 3000 823 3051 ut
842 3011 935 3074 saepe
958 2999 1099 3080 incipere,

90 3048 178 3107 saepe
194 3035 477 3146 desmcreurdeatur.
498 3061 569 3123 Nam
580 3067 699 3144 siugulis
713 3074 878 3138 criminibus
892 3082 1029 3160 singulae
1040 3083 1100 3146 vel·

61 3119 240 3250 supcausae
262 3140 451 3229 continentur.
484 3143 593 3206 Poteris
614 3167 702 3228 ergo,
723 3155 926 3240 undecumque
950 3170 1087 3247 coeperis

30 3277 37 3283 .
88 3210 258 3337 ¹¹.¹⁰¹¹.m‘,¹¹¹⁰
278 3207 415 3297 desieris,
443 3244 515 3304 quae
537 3228 673 3310 deinceps
694 3251 852 3316 sequentur
872 3255 903 3306 et
924 3254 1010 3327 quasi
1029 3211 1134 3312 medo

82 3285 192 3427 ppentra
217 3300 306 3359 egere
321 3305 351 3392 et
370 3308 448 3395 quasi
468 3309 648 3373 cohaerentia
662 3334 766 3397 meque
784 3326 812 3383 in
829 3331 1021 3396 universitate
1036 3335 1097 3396 lon·

114 3373 240 3444 ssimum,
257 3367 454 3448 brenssrmum
467 3392 497 3451 in
511 3395 637 3473 partibus
647 3399 783 3462 iudicare.
811 3408 894 3472 Vale.

1106 2834 1137 2890 80
