2400 3840
328 193 593 257 innectamus
617 207 660 259 15.
673 207 715 260 16.
729 205 771 260 11.
786 207 828 261 18.
842 207 885 262 19.
1044 197 1107 259 249

100 348 224 410 hostium
247 346 386 427 obsequia
408 356 438 407 ut
462 348 618 410 vincendus
640 366 722 410 nemo
743 348 838 410 luerit.
878 347 1025 410 Pulcbrius
1050 349 1107 410 hoc

102 433 232 494 omnibus
253 431 410 510 triumphis.
447 429 550 511 Neque
571 435 646 494 enim
666 450 797 511 umquam
816 434 870 493 nisi
891 451 927 492 ex
942 442 1107 511 contemptu

101 518 212 595 imperii
229 517 319 575 nostri
333 514 439 576 iactum
455 524 500 577 111
520 524 551 574 11
565 518 755 577 vinceremus.
791 515 913 589 Quodsi
928 519 991 595 quis
1005 517 1104 578 barba·

99 620 148 662 rue
164 618 217 660 rex
231 615 267 659 eo
286 598 455 659 insolentiae
474 598 636 679 furorisque
657 601 834 680 processerit
849 609 879 659 ut
893 600 961 660 iram
975 610 1050 661 tuam
1063 603 1105 660 in·

74 683 351 762 5dignationernque
376 691 534 762 mereatur,
560 701 596 742 ne
618 683 685 761 ille,
709 685 772 745 eive
798 683 937 743 interfuso
957 687 1027 744 mari
1053 702 1105 745 seu

101 767 262 827 fluminibus
282 767 425 845 inmensis
440 785 493 828 seu
515 768 666 846 praecipiti
691 776 787 827 monte
810 767 986 844 deieuditur,
1013 769 1105 829 omnia

27 845 31 853 ’
102 851 174 911 haec
190 860 245 911 tam
260 867 351 930 prona
361 860 473 929 tamque
489 850 619 911 cedentia
633 851 784 912 virtutibus
800 850 856 912 tuis
871 853 976 912 sentiet
991 861 1022 912 ut
1037 851 1104 913 eub-

101 935 204 996 sitiisse
222 941 350 1011 montes,
373 933 484 995 llmnina
499 937 665 1013 exaruisse,
681 937 869 1014 interceptum
882 952 976 1012 mare,
992 934 1104 996 inlatas-

101 1037 157 1098 que
179 1018 233 1080 sibi
256 1035 313 1078 non
334 1017 443 1079 classes
462 1028 574 1080 nostrae
592 1019 645 1079 sed
661 1027 751 1080 terras
768 1020 845 1098 ipsas
861 1019 1020 1080 arbitretur.
1055 1018 1102 1078 Vi·
1115 1015 1151 1080 17

59 1101 170 1168 lodeor
190 1104 245 1162 iam
266 1120 385 1163 cernere
404 1120 460 1162 non
480 1101 581 1182 spoliis
601 1104 808 1182 provinciarum
829 1112 858 1163 et
878 1112 990 1163 extorto
1016 1104 1103 1163 sociis

100 1204 169 1245 auro
189 1187 242 1247 sed
262 1185 414 1247 hostilibus
434 1187 517 1247 armis
539 1195 743 1265 captorumque
763 1204 863 1264 regum
876 1188 993 1262 catenis
1008 1189 1102 1248 trium-

100 1268 186 1347 phum
200 1286 330 1345 gravem:
352 1268 452 1329 videor
467 1271 591 1346 ingentia
605 1269 707 1330 ducum
718 1272 828 1331 nomina
839 1289 893 1330 uec
907 1271 1042 1333 indecora
1051 1289 1103 1331 nc·

100 1353 220 1412 minibus
236 1368 357 1429 corpora
371 1353 530 1412 noscitare:
546 1353 647 1412 videor
661 1355 763 1413 intueri
777 1353 933 1415 inmanibus
949 1357 1024 1415 ausis
1040 1355 1101 1414 bar·

101 1437 232 1496 berorum
253 1444 353 1496 onusta
374 1433 483 1495 fercula
504 1445 533 1496 et
547 1453 598 1495 sua
613 1454 754 1515 quemque
769 1436 845 1496 11111
859 1438 961 1497 vinctis
975 1437 1102 1498 manibus

57 1525 91 1577 15
101 1528 285 1598 sequentem:
302 1536 368 1579 mox
381 1520 473 1598 ipsum
488 1527 517 1578 te
532 1517 681 1579 sublimem
696 1522 901 1598 instantemque
917 1537 1000 1579 curru
1016 1519 1102 1580 dorni·

101 1615 190 1664 tarum
210 1604 336 1680 gentium
357 1610 459 1681 tergo,
485 1610 551 1663 ante
572 1620 684 1663 currum
704 1612 796 1663 autern
818 1603 929 1682 clipeos
951 1621 1023 1682 quos
1039 1604 1102 1684 ipse

101 1686 271 1766 perfoderis.
303 1685 366 1746 Nec
382 1687 432 1747 tibi
448 1688 542 1765 opima
557 1686 714 1765 defuerint,
731 1689 754 1747 si
770 1687 832 1766 quis
848 1704 948 1765 regum
962 1689 1060 1748 venire
1074 1690 1102 1748 in

99 1789 196 1832 manus
217 1769 334 1848 audeat,
359 1789 415 1831 nec
436 1790 496 1833 ooo
516 1771 601 1832 modo
621 1772 743 1831 telorum
758 1781 868 1832 tuorum
888 1771 940 1832 sed
956 1771 1102 1832 oculorum

101 1857 185 1916 etiam
198 1856 390 1934 minarumque
407 1856 566 1916 coniectum
581 1865 643 1917 1111
660 1873 760 1935 campo
776 1864 893 1935 totoque
909 1859 1041 1928 exercitu
1050 1873 1101 1935 op·

56 1941 195 2018 10111111
210 1939 422 2019 perhorrescat.
458 1936 587 2000 Meruisti
602 1941 730 2018 proxima
743 1939 936 2000 moderatione
951 1950 997 2016 ut,
1015 1958 1100 2018 quan·

99 2025 259 2101 decumque
274 2032 303 2083 te
319 2021 366 2081 rel
382 2022 488 2082 inferre
502 2022 550 2083 vel
566 2022 734 2102 propulsare
749 2023 856 2083 bellum
871 2025 1002 2100 coegerit
1012 2026 1100 2101 impe·

97 2109 132 2166 rii
147 2107 284 2184 dignitas,
306 2123 363 2166 non
378 2105 443 2165 ideo
458 2108 565 2167 vicisse
579 2107 701 2167 videaris
715 2116 745 2167 ut
759 2106 963 2186 triumphares,
985 2105 1038 2168 sed
1053 2107 1100 2167 tri·

99 2190 234 2269 umphare
249 2191 313 2269 quia
327 2191 441 2251 viceris.
475 2188 561 2251 Aliud
574 2209 612 2250 ex
626 2190 682 2250 alio
694 2190 760 2250 mihi
776 2193 910 2252 occurrit.
927 2189 1016 2263 Quam
1032 2208 1098 2270 epe·
1110 2197 1151 2260 18

100 2277 209 2335 ciosum
231 2284 276 2334 111
300 2275 375 2334 enirn
397 2272 473 2352 quod
494 2272 673 2352 disciplinam
695 2284 851 2337 castrorum
873 2274 981 2352 lapsam
1007 2276 1095 2335 extin-

56 2374 89 2426 25
100 2368 229 2437 ctamque
245 2357 375 2420 refovisti
391 2357 513 2435 depulso
530 2359 632 2437 prioris
645 2357 753 2418 saeculi
766 2358 857 2436 malo,
873 2361 972 2418 inertia
987 2367 1016 2418 et
1031 2375 1098 2419 con·

99 2445 218 2503 tumacia
233 2452 263 2503 et
279 2442 480 2520 dedignatione
496 2439 634 2522 parendi?
658 2440 760 2502 Tutum
775 2451 819 2502 111
833 2444 1041 2520 reverentiam,
1057 2451 1099 2502 tu-

97 2536 155 2586 tum
176 2529 320 2588 caritatem
340 2529 461 2605 mereri,
483 2543 538 2588 nec
558 2527 660 2588 ducum
681 2529 828 2606 quisquam
849 2535 896 2586 aut
915 2544 972 2586 non
985 2527 1100 2587 amaria

97 2609 230 2670 militibus
251 2620 300 2671 aut
320 2613 405 2672 amari
425 2613 519 2681 timet;
543 2619 573 2671 et
591 2611 657 2671 inde
673 2611 800 2672 oliensae
815 2613 920 2689 pariter
933 2611 1099 2688 gratiaeque

99 2695 210 2770 securi,
232 2696 335 2755 instant
350 2697 503 2774 operibus,
526 2695 627 2756 adsunt
642 2696 909 2771 exercitationibus,
932 2710 1099 2752 111111111-

55 2778 344 2856 3011111111111111.
368 2779 482 2857 Quippe
497 2797 553 2838 non
567 2782 591 2839 is
604 2780 738 2856 princeps
751 2780 799 2857 qui
810 2778 863 2838 sibi
875 2779 1028 2852 inminere,
1045 2776 1099 2835 sibi

98 2859 204 2921 intendi
218 2870 299 2939 putet
314 2861 391 2938 quod
404 2863 432 2920 in
447 2862 547 2922 hostes
561 2868 689 2938 paretur;
709 2879 782 2939 quae
800 2861 948 2938 persuasio
969 2857 1100 2919 11111111-

98 2945 237 3022 numqui,
254 2944 367 3004 hostilia
383 2961 447 3004 cum
461 2944 606 3020 iacerent,
622 2942 766 3004 timebant.
790 2942 879 3003 iidem
894 2960 966 3020 ergo
981 2951 1098 3022 torpere

97 3028 225 3108 militaria
245 3026 335 3089 studia
355 3044 411 3087 nec
431 3029 538 3089 animos
557 3027 643 3088 modo
658 3027 711 3088 sed
725 3036 755 3087 11
770 3044 891 3107 corpora
905 3029 967 3107 ipsa
982 3026 1097 3105 langue·

97 3129 199 3189 scere,
226 3111 337 3189 gladios
359 3113 443 3172 etiarn
462 3114 570 3172 incuria
589 3111 718 3173 hebetari
738 3111 906 3190 retundique
928 3110 1096 3190 gaudebant.

55 3209 88 3263 35
96 3197 194 3256 Duces
217 3213 303 3275 porro
325 3197 432 3274 nostri,
454 3214 511 3257 non
526 3204 582 3256 tam
596 3213 697 3274 regum
711 3205 871 3256 exterorum
886 3214 969 3276 quarn
983 3213 1098 3256 suorum

97 3282 255 3359 principum
275 3280 407 3358 insidias,
429 3299 484 3340 nec
503 3290 559 3340 tam
573 3280 695 3341 bostium
710 3297 793 3358 quarn
808 3280 1025 3341 conrmilitonum
1039 3296 1096 3337 ma-

96 3382 149 3424 nus
168 3366 332 3444 ferrumque
346 3365 517 3426 metuebant.
560 3363 613 3426 Est
632 3364 705 3424 haec
725 3373 822 3426 natura
836 3364 975 3425 sideribus
991 3371 1021 3421 ut
1031 3379 1094 3440 par·
1107 3363 1147 3425 19

96 3466 130 3507 ra
146 3458 175 3510 et
191 3449 275 3510 exilia
297 3448 462 3510 validiorum
483 3459 599 3510 exortus
619 3449 769 3510 obscuret:
795 3449 925 3509 similiter
945 3449 1097 3524 imperato·
