2400 3840
346 152 608 266 EPISTULARUM
622 203 672 265 111.
695 216 737 269 ro.
755 217 797 268 11.
815 216 856 270 12.
894 218 896 224 ¹
1062 207 1102 272 57

100 357 257 416 amicorum
270 358 298 415 in
312 357 400 416 maius
415 356 547 417 extollat:
562 358 627 418 inde
644 359 727 418 etiam
739 375 832 419 meum
846 361 977 422 meritum
990 369 1020 420 nt
1035 378 1104 420 vera

99 442 140 500 ite
161 456 248 517 supra
268 441 398 500 meritum
420 441 630 518 praedicatione
653 441 823 502 circumfert.
860 443 1016 522 Equidem,
1040 457 1130 508 cumi

101 531 200 584 essent
221 522 386 601 philosophi
407 525 443 584 ab
464 525 535 585 urbe
556 527 702 602 summoti,
726 525 766 584 lui
781 526 856 604 apud
870 526 947 586 illum
961 531 989 586 iu
1004 527 1104 588 subur·

100 608 192 683 buno,
215 616 245 667 et
261 623 317 686 quo
333 607 503 686 notabilius,
518 608 574 669 hec
590 618 635 670 cst
648 608 838 688 periculosius
854 620 949 688 osset,
968 611 1008 670 lui
1022 628 1103 689 prac-

75 700 155 761 5ter.
185 689 337 751 Pecuniam
352 691 454 770 ctiam,
469 709 524 770 qua
537 701 604 754 tunc
619 692 659 753 illi
674 692 810 771 ampliore
827 711 899 773 opus
916 704 993 772 erat,
1009 704 1038 755 ut
1053 713 1103 755 aes

100 774 223 835 alienum
238 773 403 835 exsolveret
417 784 589 836 contractum
600 794 638 836 ex
650 775 846 853 pulcherrimis
858 780 962 855 causis,
978 795 1103 838 mussan·

100 859 176 919 tibus
198 859 307 936 magnis
329 859 495 938 quibusdam
517 868 546 920 et
567 860 758 940 locupletibus
774 863 872 920 amicis
886 869 1025 921 mutuatus
1038 863 1102 940 ipse

99 943 248 1019 gratuitam
262 941 336 1002 dedi.
359 942 462 1021 Adque
476 943 548 1003 haec
565 944 634 1022 leci,
652 961 715 1003 cum
730 954 843 1022 sepiem
857 947 955 1005 amicis
970 946 1041 1006 meis
1056 952 1129 1005 autb

100 1026 209 1086 occisis
224 1033 270 1085 aut
284 1025 437 1104 relegatis,
461 1028 566 1086 occisis
582 1029 742 1089 Senecione
757 1026 876 1088 Rustico
891 1026 1039 1104 Helvidio,
1057 1047 1102 1088 rc·
1173 1032 1182 1041 '

58 1121 92 1173 10
100 1109 205 1186 legatis
220 1107 345 1170 Maurico
361 1107 475 1170 Gratilla
489 1109 572 1172 Arria
585 1111 704 1187 Fannia,
727 1120 769 1171 tot
789 1113 865 1172 circa
885 1130 931 1172 me
951 1113 1032 1172 iactis
1048 1111 1102 1169 iul·

99 1193 221 1258 minibus
244 1195 324 1271 quasi
344 1194 489 1254 ambustus
511 1195 577 1254 mihi
598 1213 712 1274 quoque
727 1196 882 1273 inpendere
898 1196 972 1256 idem
988 1196 1102 1255 exitium

100 1277 188 1336 certis
210 1276 376 1355 quibusdam
397 1280 472 1338 notis
493 1296 653 1356 augurator.
685 1277 750 1337 Non
770 1278 835 1338 ideo
856 1288 950 1339 tamen
973 1278 1128 1339 eximiaml

98 1358 220 1437 gloriam
234 1362 373 1421 memisse
388 1379 445 1439 mc,
462 1371 492 1422 ut
506 1362 555 1422 ille
570 1363 725 1440 praedicat,
743 1361 830 1422 credo
847 1362 899 1422 scd
911 1371 1016 1422 tantum
1031 1361 1101 1421 eiiu-

98 1445 180 1520 gisse
194 1443 338 1521 flagitium.
360 1443 431 1505 Nam
446 1455 475 1506 et
491 1444 523 1506 0.
539 1443 713 1522 Musonium,
732 1461 864 1504 socerum
881 1447 953 1522 eius,
971 1449 1127 1524 qnantnme

62 1526 209 1594 relicitum
224 1536 269 1587 est
283 1546 337 1607 per
351 1539 490 1607 aetatem,
515 1547 578 1590 cum
598 1529 779 1590 admiratione
795 1529 882 1588 dilexi
898 1536 927 1587 et
941 1528 1101 1587 Artemido-

98 1628 160 1670 rum
175 1612 268 1689 ipsum
283 1614 336 1672 iam
351 1621 425 1691 tum,
449 1631 512 1673 cum
526 1615 554 1672 in
569 1613 649 1688 Syria
665 1613 791 1673 tribunus
806 1611 970 1689 militarem,
987 1610 1074 1671 artai
1090 1643 1100 1654 ·

98 1694 257 1756 miliaritate
279 1696 444 1774 complexus
467 1715 545 1775 sum,
567 1697 651 1776 idque
673 1697 791 1775 primum
811 1694 982 1756 nonnullius
999 1693 1100 1754 indolis

99 1776 165 1839 dedi
182 1779 342 1858 specimen,
359 1781 435 1859 quod
449 1783 539 1840 virum
554 1789 600 1841 aut
615 1781 771 1859 sapientem
787 1789 833 1839 aut
847 1782 1005 1859 proximum
1015 1778 1100 1838 simil·

97 1861 252 1941 limumque
267 1865 387 1942 sapienti
402 1863 571 1942 intellegere
586 1883 647 1923 sum
661 1867 749 1924 visus.
777 1862 848 1923 Nam
863 1882 899 1924 ex
915 1863 1042 1924 omnibns
1053 1864 1126 1938 quib

56 1953 174 2013 ionunc
194 1963 228 2007 se
254 1946 443 2028 philosophos
464 1957 567 2010 vocant
587 1950 634 2008 vix
655 1966 738 2007 unum
758 1957 805 2008 aut
832 1946 950 2006 alterum
972 1948 1099 2007 invenies

96 2038 174 2090 tante
196 2031 376 2109 sinceritate,
398 2041 472 2092 tanta
493 2035 621 2093 veritate.
649 2031 729 2091 Mitto
751 2048 804 2109 qua
820 2031 952 2107 patientia
970 2032 1099 2107 corporis

96 2113 209 2174 hiemes
224 2114 301 2177 iuxta
317 2123 345 2176 et
359 2125 484 2176 aestates
500 2116 584 2192 ierat,
600 2125 630 2174 ut
645 2114 728 2174 nullis
744 2113 888 2173 laboribus
905 2112 997 2188 cedat,
1014 2120 1044 2169 ut
1058 2113 1099 2169 ni·

96 2197 136 2256 lril
153 2198 183 2257 in
199 2198 276 2276 eim,
291 2200 320 2258 in
335 2207 404 2278 potu
419 2198 610 2277 voluptatibus
627 2200 745 2274 tribuat,
760 2206 791 2256 ut
806 2195 907 2256 oculos
921 2196 1098 2272 animumque

97 2282 250 2342 contineat.
282 2281 352 2342 Sunt
367 2282 438 2343 bace
453 2300 569 2361 magna,
587 2282 639 2343 sed
653 2284 681 2342 in
695 2281 765 2350 alio;
781 2283 809 2339 in
822 2279 879 2339 hoc
892 2296 962 2338 vero
977 2279 1097 2354 minime,
1109 2287 1125 2342 7

56 2367 121 2431 nesi
137 2366 245 2425 ceteris
261 2367 411 2427 uirtutibus
428 2375 643 2444 comparentur,
668 2366 768 2445 quibus
789 2365 890 2423 meruit
909 2372 939 2422 nt
955 2380 970 2422 a
987 2360 1020 2421 (l.
1037 2360 1099 2420 mn-

96 2450 178 2509 senio
194 2467 232 2510 ex
247 2451 376 2510 omnihus
394 2453 515 2511 omnium
530 2449 656 2511 ordinum
675 2448 898 2510 adsectatoribus
913 2464 1003 2524 gener
1018 2444 1099 2505 adsu-

95 2542 231 2596 meretur.
259 2532 340 2606 Quae
355 2534 421 2594 mihi
435 2535 595 2594 recordanti
612 2542 656 2594 est
670 2532 784 2611 quidem
797 2529 948 2591 iucundum
963 2528 1039 2609 qued
1053 2538 1125 2593 me8

96 2633 162 2675 cum
183 2616 259 2694 apud
279 2616 352 2676 alios
373 2625 430 2676 tum
452 2617 528 2695 apud
549 2626 577 2677 te
600 2619 682 2678 tantis
697 2615 826 2675 laudibus
843 2613 979 2689 cumulat,
995 2629 1099 2673 vereor

95 2708 189 2760 tamen
209 2719 246 2759 ne
266 2700 379 2760 medum
400 2701 537 2778 excedat,
561 2718 644 2780 quem
665 2700 824 2777 benignitas
846 2700 907 2758 cius
928 2696 1010 2774 (illue
1025 2697 1099 2754 enim

55 2782 170 2845 munde
187 2786 272 2862 coepi
286 2785 431 2864 reverter)
447 2802 503 2844 nen
517 2783 593 2844 solet
608 2794 715 2845 tencre.
744 2782 815 2842 Nam
830 2782 857 2840 iu
872 2781 928 2841 hcc
944 2795 999 2837 uno
1015 2781 1125 2841 inter-9

94 2866 160 2927 dnm
174 2869 219 2927 vir
238 2868 344 2948 alioqui
358 2869 593 2947 prudentissimus
608 2867 730 2927 honesto
747 2863 860 2942 quidem
875 2862 927 2921 sed
947 2871 1039 2921 tamen
1055 2879 1099 2920 er·

93 2967 160 3011 rore
181 2960 330 3030 versatur,
352 2953 428 3031 quod
449 2951 537 3031 pluris
558 2953 664 3011 amicos
680 2967 748 3010 suos
765 2963 847 3024 quam
863 2955 926 3006 suut
940 2945 1097 3006 arbitratur.

93 3033 175 3095 Vale.

308 3266 335 3323 0.
354 3266 479 3320 PLINIUS
494 3266 623 3318 blumio
640 3263 766 3316 SEVERO
782 3262 842 3314 SUO
859 3261 885 3312 S.

153 3368 272 3430 Veniam
287 3368 322 3432 ad
339 3388 453 3447 cenam,
470 3368 522 3431 sed
536 3370 590 3428 iam
604 3385 677 3426 nunc
692 3366 824 3444 paciscor
839 3366 875 3428 sit
891 3364 1050 3441 expedite,
1064 3361 1132 3418 situ

95 3470 199 3532 parca,
221 3452 375 3542 Socraticis
397 3463 502 3516 tantum
523 3452 708 3517 sermonibus
722 3448 875 3526 abundet,
890 3449 929 3507 in
935 3445 992 3503 *rus
1005 3452 1131 3515 uxum*
