2400 3840
515 140 550 206 ὓ.
572 140 669 204 Pthl

544 293 598 356 vll
614 336 622 354 .

279 396 306 447 c.
326 393 451 446 sciurus
470 295 612 446 urrartuso1
623 390 770 445 anniano
787 391 851 444 sno
871 391 897 443 s,

63 529 78 580 1
155 512 308 574 Gratularis
329 512 395 572 mihi
417 511 493 591 quod
513 512 675 589 acceperim
691 520 866 589 auguratum.
896 508 962 570 lure
977 510 1095 588 gratula-

86 599 144 675 ris,
166 599 302 677 primum,
326 598 402 675 quod
425 597 583 674 gravissimi
599 597 735 674 principis
750 595 887 654 iudicium
902 595 931 652 in
943 594 1093 656 minoribus
1150 614 1153 619 ’

87 685 173 743 etiam
189 683 276 742 rebus
295 683 434 760 consequi
449 679 599 759 pulchrum
610 687 667 757 est,
686 678 800 756 deiude,
816 676 894 755 quod
904 678 1112 739 sacerdotiumt

89 768 183 844 ipsum
207 784 271 826 cum
293 767 419 844 priscum
446 775 475 825 et
493 763 661 841 religiosum
681 771 741 822 tnm
762 762 818 822 hoo
841 777 959 839 quoque
987 780 1095 823 sacmm

63 850 178 929 2plane
203 861 231 912 et
256 852 369 926 insigne
392 857 437 908 est
464 848 541 926 quod
567 863 623 907 uon
649 846 778 906 adimitur
801 846 921 905 viventi.
955 843 1030 905 Nam
1046 847 1096 907 alia

89 952 258 1015 quamquam
276 933 412 1010 dignitate
427 931 633 1009 propemodum
647 932 725 1010 paria
739 939 770 989 ut
785 929 948 989 tribuuntur
963 931 1008 990 sic
1022 931 1095 992 auis·

42 1027 206 1093 ¹3ruutnr,
232 1019 260 1074 in
281 1015 337 1075 hoc
359 1014 488 1075 fortunae
512 1014 650 1075 hactenus
674 1013 744 1075 licet
766 1023 797 1074 nt
820 1012 879 1073 dari
898 1016 1003 1091 possit.
1033 1013 1096 1075 Mihi

88 1118 159 1160 vero
180 1099 250 1158 illud
274 1101 358 1158 etiam
378 1097 567 1175 gratulatione
591 1100 706 1176 dignum
725 1097 838 1157 videtur
867 1096 945 1175 quod
969 1100 1094 1161 successi
1102 1111 1128 1164 lt

88 1183 161 1243 iulio
177 1183 326 1260 Frontino,
343 1183 465 1263 principi
480 1183 554 1259 viro,
572 1185 620 1262 qui
634 1201 680 1243 mo
697 1183 894 1242 nominationis
912 1180 962 1242 die
977 1200 1032 1262 per
1046 1184 1095 1244 hos

88 1269 239 1328 continuos
259 1284 347 1328 anuos
369 1269 443 1326 inter
466 1266 624 1328 sacerdotis
645 1267 824 1343 nominabat,
848 1274 992 1343 tamquam
1013 1269 1043 1327 in
1057 1267 1095 1327 lo·

89 1370 152 1412 cum
174 1368 257 1413 suum
278 1360 443 1431 cooptaret;
469 1350 545 1430 quod
566 1369 641 1410 nuuc
662 1359 783 1410 eventus
802 1351 841 1410 ita
862 1351 1054 1427 conprobavit
1069 1360 1096 1410 ut

62 1447 147 1499 dnou
162 1437 308 1498 fortuitum
322 1436 474 1496 videretur.
505 1434 547 1495 Te
561 1434 691 1514 quidem,
706 1443 737 1494 ut
754 1434 867 1510 scribis,
884 1433 922 1493 ob
939 1433 998 1495 hoo
1013 1437 1095 1496 maxi·

90 1539 136 1582 mc
153 1521 278 1581 delectat
292 1529 445 1598 auguratus
466 1537 547 1579 meus
564 1518 641 1597 quod
660 1517 697 1577 Μ.
717 1516 827 1578 Tullius
841 1534 933 1595 augur
947 1517 1011 1579 fuit.
1030 1519 1095 1580 Lac·
1102 1525 1128 1579 15
1165 1586 1167 1615 Ι

92 1606 158 1664 taris
180 1606 255 1663 enim
272 1604 348 1682 quod
364 1602 521 1662 honoribus
545 1603 606 1662 eius
627 1603 755 1663 insistam
776 1619 861 1681 quem
882 1602 1021 1664 aemulari
1042 1612 1095 1664 stu·
1165 1618 1167 1669 ι

62 1688 145 1749 odiis
162 1689 257 1764 cupio.
291 1685 349 1744 Sed
364 1687 484 1761 utinam,
506 1694 536 1744 ut
553 1685 743 1746 sacerdotium
760 1684 852 1762 idem,
871 1695 903 1745 ut
920 1687 1095 1749 consulatum
1165 1672 1167 1761 i

90 1768 178 1828 multo
194 1771 276 1827 etiam
291 1770 420 1828 iuvenior
434 1786 517 1847 quam
530 1769 579 1828 ilie
597 1787 660 1829 snm
676 1778 867 1846 consecutus,
883 1770 923 1829 ita
937 1790 1031 1832 senex
1045 1769 1095 1833 sal·

60 1861 148 1917 otem
165 1853 308 1929 ingenium
324 1855 385 1913 eius
400 1852 493 1932 aliqua
510 1871 546 1914 ex
562 1863 641 1930 parte
657 1852 775 1932 adsequi
791 1852 924 1931 possem!
945 1854 1006 1915 Sed
1020 1856 1095 1915 uimi-

90 1953 169 2014 rum,
191 1946 344 2014 quaesunt
364 1939 393 1997 in
408 1954 490 1996 mauu
505 1938 647 1998 hominum
666 1947 694 1997 et
715 1936 782 1995 mihi
800 1946 829 1997 et
850 1936 946 1998 multis
970 1940 1129 2017 contige-tc

89 2030 166 2099 runt,
182 2019 252 2080 illud
267 2039 338 2082 vero
349 2032 380 2082 ut
395 2023 486 2100 apisci
502 2022 618 2082 arduum
632 2023 674 2081 sio
689 2023 772 2081 etiam
788 2038 906 2100 sperare
921 2022 1039 2082 nimium
1052 2032 1094 2084 est

89 2106 167 2184 quod
184 2107 244 2166 dari
258 2107 380 2167 nonnisi
396 2125 412 2166 a
429 2106 482 2167 diis
497 2115 604 2185 potest.
636 2103 717 2164 Vale.

542 2254 634 2314 VIIII.

303 2351 330 2400 G.
350 2351 473 2402 PLINIUS
490 2352 648 2403 CORNELIO
667 2353 750 2406 URSO
767 2353 826 2406 SUO
845 2353 872 2408 S.
1101 2401 1129 2453 ᾖ

66 2482 81 2532 1
154 2467 272 2528 Causam
289 2486 343 2547 per
361 2468 415 2530 hos
431 2469 492 2531 dies
508 2471 577 2533 dixit
593 2469 681 2533 Iulius
696 2472 813 2552 Bassus,
828 2473 913 2534 homo
934 2473 1093 2537 laboriosus

89 2563 118 2614 et
133 2553 260 2614 adversis
276 2554 336 2613 suis
351 2552 454 2614 clarus.
476 2555 636 2618 Accusatus
652 2566 698 2618 est
712 2558 765 2618 sub
779 2558 957 2637 Vespasiano
972 2577 989 2618 a
1003 2561 1094 2638 priva·

87 2639 124 2700 tis
146 2637 274 2715 duobus,
298 2636 334 2696 ad
349 2648 476 2698 senatum
489 2643 626 2702 remissus
642 2641 689 2701 din
704 2640 858 2721 pependit,
883 2641 997 2702 taudem
1010 2643 1093 2703 ahso-

61 2722 163 2785 2lutns
179 2722 405 2800 vindicatusque.
431 2721 523 2784 Titum
543 2727 632 2786 timuit
649 2734 679 2786 ut
693 2724 844 2786 Domitiani
861 2727 987 2803 amicus,
1005 2725 1093 2786 aDo·

86 2807 200 2868 mitiauo
221 2805 367 2885 relegatus
390 2816 451 2869 est:
478 2812 631 2870 revocatus
648 2826 665 2868 a
681 2807 776 2870 Nerva
799 2811 975 2887 sortitusque
997 2810 1127 2886 Bithy-ai

87 2892 160 2949 niam
181 2891 266 2952 rediit
286 2909 371 2971 rens,
389 2902 540 2954 accusatus
560 2911 618 2954 nou
637 2894 728 2954 miuus
747 2895 852 2954 acriter
873 2911 956 2972 quam
971 2894 1095 2956 fideliter

87 2972 232 3034 defensus.
259 2973 357 3037 Varias
374 2978 530 3038 sententias
549 2977 663 3055 habuit,
683 2975 782 3056 plures
797 2987 891 3037 tamen
905 2979 987 3056 quasi
1002 2981 1093 3039 mitio·

62 3065 146 3119 3res.
176 3055 244 3133 Egit
259 3068 357 3120 contm
373 3077 438 3120 eum
452 3060 623 3140 Pomponius
638 3060 746 3140 liuius,
769 3063 812 3121 vir
828 3071 941 3140 paratus
959 3071 989 3122 et
1005 3062 1093 3123 vehe-

85 3158 181 3201 mens:
196 3139 273 3200 Rufo
286 3145 430 3207 successit
446 3143 647 3224 Theophanes,
663 3164 734 3206 unus
751 3163 789 3206 ex
803 3145 923 3224 legatis,
940 3146 989 3205 fax
1007 3164 1093 3208 accu-

59 3225 205 3286 4sationis
223 3233 252 3283 et
267 3228 358 3303 origo.
385 3225 533 3306 Respondi
547 3246 614 3305 ego.
644 3227 714 3288 Nam
728 3229 795 3289 mihi
809 3229 915 3290 Bassus
931 3231 1128 3291 iniunxerat35

83 3316 115 3367 ut
134 3309 222 3368 totius
244 3306 418 3371 defensionis
439 3311 617 3372 fundamenta
634 3313 777 3391 iacerem,
803 3312 929 3374 dicerem
951 3313 987 3374 de
1010 3332 1090 3374 oma-

83 3392 186 3451 mentis
208 3393 286 3472 suis,
309 3411 382 3472 qnae
405 3393 447 3453 illi
464 3404 493 3455 et
513 3413 550 3456 ex
571 3397 686 3472 generis
711 3395 837 3457 claritate
855 3406 885 3456 ct
899 3416 937 3458 ex
951 3398 1090 3478 periculis
