2400 3840
113 163 177 229 280
537 161 570 223 0.
592 159 690 223 PLlNI

115 329 212 382 contra
228 316 310 394 leges
327 314 445 376 iecisse.
465 313 598 393 ldsgnum
612 315 668 377 boc
684 324 760 393 erat,
777 333 840 374 cum
855 317 1054 394 promitteres;
1065 335 1120 379 ma·
1179 344 1182 351 ·

114 407 174 480 ius,
191 410 342 481 postquam
355 401 530 478 praestitisti.
554 398 612 459 lam
623 400 727 461 totiens
741 388 901 478 proceder'e
916 399 945 460 iu
958 410 1066 480 rostra,
1081 405 1120 462 in-

114 502 264 548 sscensum
280 483 360 543 illum
374 484 527 561 superbiae
542 485 700 562 principum
718 483 813 544 locum
826 492 942 561 terere,
964 483 1013 544 bic
1028 488 1120 546 susci·

114 587 185 649 pere
206 569 252 629 bic
273 585 381 647 ponere
396 569 590 646 magistratus,
618 585 699 646 quam
716 568 830 645 dignum
842 577 890 644 te,
919 585 1063 647 quamque
1080 569 1118 629 di·

113 671 228 714 versum
244 651 448 714 consuetudine
464 651 575 711 illorum
590 653 638 729 qui
657 651 786 730 pauculis
807 650 907 711 diebus
922 661 1039 728 gestum
1054 659 1148 713 con-5

115 737 250 815 sulatum,
275 737 359 796 immo
379 752 435 795 non
449 744 562 813 gestum
576 735 735 797 obiciebant
751 753 804 814 pcr
819 733 955 795 edictum!
987 734 1053 796 lloc
1068 752 1118 814 pro

116 824 265 897 contione,
283 821 467 899 prorostris,
484 835 536 898 pro
551 821 612 880 iure
627 819 757 888 iurando;
776 817 890 879 scilicet
906 829 936 878 ut
953 820 1053 897 primis
1071 837 1118 879 ex·

114 916 204 966 tremn
219 913 422 982 congruerent,
440 912 527 982 utque
542 903 598 964 boc
614 903 679 964 solo
693 901 930 980 intellegerentur
944 904 1002 981 ipsi
1017 920 1118 963 consu·

114 988 158 1049 les
173 989 262 1049 fuisse
280 987 356 1066 quod
369 986 417 1047 ulii
432 1004 488 1046 non
503 985 631 1048 luissent.

61 1076 103 1138 66
148 1121 157 1129 ,
176 1071 240 1131 Non
254 1068 412 1147 transsilui‚
431 1079 526 1147 patres
543 1071 714 1149 conscripti,
731 1070 866 1148 principis
880 1071 971 1129 nostri
987 1069 1115 1131 consula·
1125 1075 1152 1130 lb

113 1166 187 1232 tum,
214 1152 267 1214 sed
287 1152 408 1213 cundem
428 1152 571 1213 inlocum
592 1153 698 1214 contuli
718 1152 853 1231 quidquid
874 1152 909 1212 de
924 1154 985 1213 iure
1002 1152 1116 1213 iurando

112 1236 263 1300 dicendum
284 1247 354 1297 erat.
384 1236 487 1316 Neque
503 1239 594 1315 enim,
620 1247 651 1299 ut
672 1239 699 1297 in
720 1237 811 1297 sterili
825 1237 976 1314 ieiunoque
992 1239 1117 1314 materis,

113 1321 231 1385 eandem
247 1321 376 1399 speciem
396 1320 485 1382 laudis
507 1321 643 1382 diducere
660 1339 694 1381 ac
710 1337 847 1398 spargere
862 1328 947 1398 atque
965 1319 1118 1380 identidem

112 1416 234 1468 tractare
250 1405 396 1466 debemus.
428 1405 571 1466 lnluxerat
591 1406 698 1486 primus
719 1404 881 1466 consulatus
901 1405 942 1465 tui
957 1404 1038 1482 dies,
1062 1421 1117 1483 quo

113 1502 143 1554 tu
161 1492 266 1550 curiam
279 1491 444 1567 ingressus,
466 1508 540 1550 nunc
555 1489 682 1568 singulos
698 1507 773 1548 nunc
788 1490 938 1548 uniuersos
953 1487 1116 1549 adhortatus
1125 1495 1154 1548 15

113 1593 146 1635 es
156 1591 303 1635 resumere
318 1573 494 1651 libertatern,
511 1591 666 1652 capessere
679 1574 758 1652 quasi
775 1572 929 1633 communis
940 1573 1053 1650 imperil
1069 1590 1117 1631 cu·

112 1677 170 1734 rus,
187 1655 335 1733 invigilare
351 1657 474 1736 publicis
488 1656 651 1718 utilitatibus
663 1666 692 1718 et
704 1659 863 1735 insurgere.
887 1654 993 1715 Omnes
1006 1664 1072 1715 ante
1088 1664 1117 1716 tc

113 1740 213 1801 eadem
228 1743 282 1799 ista
298 1739 439 1817 dixerunt,
456 1742 559 1801 nemini
571 1749 664 1801 tamen
677 1750 742 1800 ante
756 1749 785 1801 te
799 1739 936 1799 creditum
950 1749 1004 1798 cst.
1028 1737 1119 1799 Erant

113 1823 166 1885 sub
189 1821 280 1883 oculis
300 1821 445 1901 naufragia
465 1823 631 1901 multorum,
665 1841 737 1903 quos
758 1823 892 1884 insidiosa
914 1820 1117 1900 tranquillitate

114 1915 268 1986 provectos
282 1906 443 1985 inprovisus
458 1909 542 1969 turbo
555 1907 725 1986 perculerat.
749 1907 832 1981 Quod
847 1909 921 1967 enim
932 1914 984 1966 tam
999 1903 1116 1965 inlidum
1126 1915 1159 1966 to

113 2009 190 2052 mare
208 2000 289 2069 quam
307 1989 458 2052 blanditiae
474 1994 632 2072 principum
648 1991 778 2069 illorum,
795 1992 897 2069 quibus
912 1999 986 2051 tanta
1000 1988 1116 2067 leuitas,

113 2085 189 2136 tanta
203 2075 280 2134 fraus
293 2085 323 2134 ut
338 2074 449 2136 facilius
466 2085 545 2138 esset
559 2077 648 2137 iratos
663 2093 744 2155 quam
761 2076 902 2155 propitios
916 2069 1046 2134 babere?
1074 2071 1116 2133 Te

112 2177 183 2220 uero
199 2161 294 2219 securi
311 2169 340 2219 ct
361 2158 472 2221 alacres
487 2177 543 2239 quo
559 2177 648 2220 uocas
670 2161 824 2238 sequimur.
856 2157 942 2221 Iubes
960 2175 1027 2217 csse
1044 2155 1116 2217 libe·

112 2261 176 2312 ros;
198 2244 317 2303 crimus:
338 2243 421 2305 iubes
436 2262 508 2322 qune
523 2246 660 2304 sentimus
675 2259 807 2321 promere
822 2245 850 2302 in
865 2241 1003 2309 medium
1019 2240 1116 2319 proie-

112 2344 218 2386 remus.
249 2325 351 2405 Neque
375 2329 449 2388 enim
468 2327 561 2388 adbuc
583 2329 693 2406 ignavia
713 2326 831 2405 quadam
850 2335 880 2387 et
895 2327 980 2386 insito
997 2332 1157 2403 torporeto

113 2410 301 2469 cessavimus:
326 2419 420 2469 terror
434 2420 464 2472 et
479 2421 571 2473 metus
594 2421 623 2472 et
643 2412 746 2470 misera
765 2410 814 2470 illa
831 2427 868 2470 ex
882 2407 1019 2487 periculis
1042 2408 1117 2468 iacta

113 2490 260 2569 prudentia
275 2492 408 2551 monebat
421 2501 521 2553 utare
535 2493 651 2572 publica
664 2492 756 2572 (nulla
767 2503 826 2554 erat
838 2501 931 2553 autem
943 2493 1057 2552 omnino
1068 2508 1117 2551 res

111 2571 241 2654 publica)
258 2571 357 2633 oculos
372 2591 455 2634 aures
469 2578 576 2636 animos
590 2586 794 2637 averteremus.
813 2576 851 2635 At
865 2594 938 2635 nunc
956 2584 1003 2635 tua
1019 2574 1118 2636 dextra

112 2660 226 2737 tuisque
240 2657 387 2738 promissis
404 2657 470 2718 freti
484 2669 514 2720 et
534 2661 637 2737 innixi,
658 2660 780 2739 obsepta
796 2660 899 2720 diutina
913 2660 1052 2720 seruitute
1068 2676 1118 2720 ora

112 2761 274 2805 reseramus
284 2742 476 2822 frenatamque
490 2752 532 2805 tot
546 2743 626 2804 malis
638 2743 762 2824 linguam
779 2743 958 2806 resolvimus.
980 2741 1029 2804 Vis
1042 2745 1159 2803 enimao

112 2827 186 2887 tales
203 2847 270 2890 essc
286 2844 338 2888 nos
354 2826 453 2905 quales
468 2828 569 2905 iubes,
589 2827 716 2908 nihilque
737 2827 982 2891 exhortationibus
1000 2828 1057 2887 tuis
1073 2827 1116 2886 fu·
1142 2900 1143 2904 Ἰ

115 2919 224 2988 catum,
244 2910 312 2971 nibil
328 2910 495 2989 subdolum,
518 2912 641 2991 denique
656 2911 725 2973 nibil
741 2912 818 2992 quod
834 2911 999 2972 credentem
1013 2909 1117 2971 fallere

113 3003 210 3071 paret,
226 3011 282 3053 non
296 2996 358 3056 sine
374 2995 505 3072 periculo
520 2995 653 3056 isllentis.
676 2996 779 3074 Neque
795 2997 869 3057 enim
884 3012 1015 3073 umquam
1030 2993 1116 3055 dcce-

58 3074 100 3138 67
114 3084 179 3154 ptus
201 3086 246 3137 est
266 3081 403 3157 princeps
417 3080 471 3140 nisi
486 3081 534 3158 qui
550 3081 627 3158 prius
644 3082 707 3160 ipse
721 3080 847 3156 decepit.
881 3077 1022 3156 Equidem
1040 3077 1115 3136 bunc

111 3158 235 3238 parentis
257 3159 366 3237 publici
386 3179 502 3224 sensum
523 3180 587 3224 cum
601 3180 637 3222 ex
651 3165 776 3224 oratione
797 3164 859 3230 eius
878 3173 936 3223 tum
951 3163 1156 3240 pronuntia-db

110 3246 188 3303 tione
203 3244 265 3323 ipsa
280 3247 466 3321 perspexisse
481 3246 591 3306 videor.
613 3245 693 3319 Quae
709 3249 783 3307 enirn
796 3246 845 3307 illa
858 3248 982 3324 grnritm
996 3254 1113 3305 sentcn-

111 3327 223 3388 tiarum!
238 3343 321 3406 quam
332 3327 501 3391 inadfectata
511 3332 615 3391 ueritas
628 3329 794 3390 verborumi
809 3348 881 3407 quse
894 3329 1073 3391 adseueratio
1086 3329 1114 3387 in

110 3411 198 3471 uoce!
220 3430 292 3492 qnae
307 3410 460 3472 adfirmatio
475 3415 504 3473 in
518 3412 610 3474 uultu!
633 3423 735 3493 quantu
749 3415 777 3473 in
791 3413 902 3492 oculis,
923 3411 1036 3489 babitu,
1060 3429 1113 3489 gc·
