2400 3840
356 206 621 270 annuutiamus
642 217 685 272 at.
700 219 741 273 28·
754 219 799 273 29.
811 219 853 273 30.
1042 209 1106 274 255

101 361 151 423 tibi
168 360 300 421 conscius
315 361 350 421 ab
366 363 554 423 insectatione
570 363 631 422 eius
647 371 792 422 averteres
808 361 923 440 lamam,
940 381 995 423 uec
1012 371 1041 422 ut
1056 366 1104 424 tri·

100 455 160 506 stes
175 444 317 504 bominum
332 455 515 525 maestosque
531 463 677 506 sermones
692 445 811 506 laetiore
822 447 938 506 materia
949 445 1103 509 detineres.

99 527 211 588 Nullam
227 529 373 606 congiario
389 529 519 608 culpam,
535 528 639 589 nullam
654 528 793 589 alimentis
810 528 1007 591 crudelitatem
1021 530 1104 592 rede·

99 614 190 689 misti,
211 630 266 672 uec
281 613 331 672 tibi
353 612 427 673 bene
448 612 571 674 faciendi
591 612 645 673 luit
667 622 798 674 causant
815 611 975 690 quaemale
991 613 1104 675 ieceras

73 697 204 775 5inpuue
218 695 352 757 fecisses.
383 698 474 757 Amor
487 695 622 774 inpendio
637 698 710 776 isto,
732 699 887 757 convenia
903 700 1031 775 quaesita
1046 707 1104 775 cst,

98 779 280 860 populusque
301 779 444 842 Romanae
462 780 606 858 obligatus
623 780 784 842 atribunali
804 791 871 858 tuo,
896 799 953 841 nou
968 791 1103 842 exoratus

97 864 230 924 recessit.
255 863 389 925 Obtulisti
406 867 480 924 enim
497 866 671 943 congiarium
686 865 874 944 gaudentibus
890 864 1035 943 gaudeus,
1058 884 1104 926 se·

99 966 242 1026 curusque
258 951 383 1019 securis;
407 949 541 1028 quodque
557 959 640 1011 autea
654 952 801 1029 principes
816 949 851 1010 ad
868 949 962 1009 odium
976 950 1021 1011 sui
1034 948 1104 1009 leni-

100 1031 202 1093 endum
222 1033 394 1094 tumentibus
414 1032 510 1113 plebis
526 1036 626 1094 animis
648 1034 846 1112 oblectabant,
873 1032 902 1092 id
917 1043 946 1094 tu
958 1034 1104 1095 tamiuno-

57 1121 89 1172 10
100 1135 170 1175 cens
181 1116 289 1195 populo
302 1117 405 1178 dedisti
417 1136 499 1197 quam
510 1118 634 1197 populus
645 1120 768 1197 accepit.
790 1117 877 1178 Paulo
889 1119 991 1196 minus,
1008 1127 1104 1195 putres

100 1201 271 1278 conscripti,
288 1204 412 1281 quinque
424 1202 499 1263 milia
510 1204 698 1281 ingenuorum
712 1202 843 1280 luerunt,
861 1220 934 1280 quae
948 1201 1104 1261 liberalitas

98 1284 235 1362 principis
257 1287 347 1343 nostri
364 1287 550 1364 conquisivit,
577 1287 700 1363 invenit,
727 1285 856 1347 adscivit.
893 1285 929 1344 Hi
949 1285 1104 1347 subsidium

99 1366 256 1444 bellorum,
283 1379 475 1428 ornamentum
490 1371 571 1448 pacis
586 1369 709 1448 publicis
724 1370 884 1447 sumptibus
900 1368 1029 1446 aluntur,
1056 1386 1104 1446 pa·

100 1453 238 1528 triamque
252 1467 310 1510 nou
325 1461 355 1511 ut
368 1453 485 1531 patriam
507 1462 611 1513 tuntum
626 1471 724 1512 verum
738 1462 769 1512 ut
784 1452 912 1514 altricem
927 1470 1020 1512 amare
1037 1469 1105 1512 cou-

58 1545 89 1596 15
99 1536 221 1595 discunt.
240 1533 287 1594 Ex
300 1534 344 1595 bis
359 1544 468 1612 castra,
486 1554 523 1595 ex
536 1536 581 1597 bis
593 1536 683 1597 tribus
698 1535 851 1615 replebunt
872 1556 901 1613 r,
917 1555 954 1596 ex
964 1536 1008 1596 bis
1018 1553 1104 1615 quan·

99 1619 193 1698 doque
206 1629 358 1679 nascentur
370 1620 471 1698 quibus
482 1619 621 1681 alimentis
634 1637 707 1698 opus
718 1638 775 1680 uon
789 1555 936 1682 sindbert
950 1620 1015 1696 tibi,
1034 1617 1105 1679 an-

99 1721 162 1780 sar,
182 1711 303 1763 aetatem
317 1704 355 1764 dii
369 1721 451 1783 quem
466 1705 602 1782 mereris,
631 1714 803 1785 serventque
818 1706 937 1765 animum
952 1721 1036 1783 quem
1056 1703 1104 1763 de·

100 1786 215 1847 derunt:
235 1797 264 1848 ct
279 1797 382 1865 quanto
401 1790 535 1848 maiorem
549 1789 693 1850 infantium
711 1790 819 1850 turbam
835 1791 936 1850 iterum
952 1798 1038 1868 atque
1054 1789 1105 1846 ite·

99 1890 160 1930 rum
174 1870 285 1932 videbis
299 1871 559 1950 incidi!.¹Augetur
573 1875 648 1934 euim
664 1873 769 1934 cotidie
784 1882 814 1934 et
830 1875 953 1949 crescit,
969 1889 1025 1932 uon
1041 1873 1105 1950 quia

56 1970 90 2021 20
101 1958 226 2015 cariores
241 1957 406 2034 parentibus
416 1956 521 2033 liberi,
538 1957 591 2018 scd
606 1959 670 2036 quia
685 1958 808 2037 principi
824 1960 912 2018 cives.
933 1956 1021 2017 Dabis
1039 1971 1105 2015 con·

99 2039 203 2116 gioria,
220 2041 245 2096 si
259 2039 358 2109 voles;
375 2040 534 2118 praestabis
552 2039 700 2118 alimenta,
717 2042 742 2101 si
757 2040 854 2100 voles:
876 2039 917 2099 illi
933 2049 1024 2100 amen
1040 2056 1104 2116 pro·

100 2133 164 2200 pter
177 2132 207 2182 te
221 2131 383 2183 nascuntur.

161 2205 252 2267 lnstar
273 2225 330 2284 ego
359 2209 492 2285 perpetui
515 2208 652 2284 congiarii
674 2225 741 2268 reor
765 2207 944 2267 adduentiam
965 2222 1102 2287 QQP·
1115 2205 1155 2267 29

98 2290 187 2351 Huius
203 2289 352 2369 aliquando
369 2310 436 2353 cura
450 2290 588 2370 Pompeio
604 2309 661 2352 nou
677 2294 768 2352 miuus
783 2291 888 2352 addidit
901 2290 1011 2368 gloriae
1023 2307 1104 2368 quam

56 2375 199 2454 25pulsus
218 2376 336 2436 ambitus
353 2392 471 2455 campo,
491 2384 608 2436 exactus
624 2375 714 2437 bostis
728 2377 818 2453 mori,
841 2374 943 2435 Oriens
957 2372 1105 2452 triumphis

100 2459 302 2539 Occidensque
316 2460 461 2522 lustratus.
481 2459 545 2520 Nec
560 2476 630 2520 vero
645 2459 695 2525 ille
710 2459 822 2522 civilius
838 2477 920 2539 quam
936 2476 1038 2539 pareus
1054 2474 1104 2517 no·

99 2555 160 2605 ster
180 2547 347 2606 auctoritate
370 2544 490 2605 consilio
511 2545 567 2605 lide
588 2544 709 2606 reclusit
722 2546 804 2623 vias,
826 2553 926 2623 portus
942 2542 1103 2622 patefecit,

35 2629 38 2633 ’
99 2630 200 2687 itinera
213 2631 314 2705 terris,
331 2629 461 2690 litoribus
476 2647 569 2705 mare,
586 2629 669 2691 litora
681 2632 750 2689 mari
765 2629 904 2705 reddidit,
920 2626 1105 2703 diversasque

99 2719 203 2789 gentes
218 2713 256 2771 ita
273 2715 444 2774 commercio
458 2716 572 2774 miscuit
588 2723 633 2790 ut,
656 2713 731 2791 quod
745 2715 870 2791 genitum
883 2720 962 2770 esset
976 2726 1104 2786 usquam,

56 2795 127 2868 30id
141 2794 216 2872 apud
231 2812 328 2856 omues
342 2806 436 2856 uatum
451 2817 518 2858 esse
533 2798 685 2856 videretur.
713 2796 814 2856 Nonne
837 2811 956 2854 cernere
978 2792 1058 2851 datur
1076 2800 1106 2851 ut

100 2881 162 2940 sine
173 2878 259 2938 ullius
270 2881 369 2939 iniuria
381 2881 471 2940 omnis
483 2881 582 2939 usibus
593 2881 698 2940 uostris
714 2897 802 2940 annus
815 2872 974 2936 exuberet?
991 2875 1105 2961 Quippe

99 2981 156 3024 non
171 2973 201 3023 ut
216 2982 254 3023 ex
263 2964 375 3024 hostico
388 2973 485 3042 raptae
499 2965 699 3041 perituraeque
713 2965 741 3022 iu
755 2963 866 3022 horreis
880 2979 991 3021 messes
1008 2961 1105 3038 nequi-

100 3066 184 3126 quam
199 3048 392 3126 quiritantibus
408 3048 495 3108 sociis
512 3048 683 3107 auferuntur.
705 3045 857 3107 Devebuut
870 3046 926 3123 ipsi
940 3044 1016 3122 quod
1031 3053 1107 3104 terra

101 3135 209 3210 genuit,
225 3132 301 3210 quod
315 3134 393 3193 sidus
408 3130 487 3210 aluit,
504 3131 580 3212 quod
594 3149 681 3192 onnus
694 3131 768 3208 tulit,
785 3148 840 3190 uec
853 3130 935 3189 novis
949 3127 1107 3188 indictioni·

57 3230 91 3283 35
100 3219 153 3277 bus
167 3219 261 3296 pressi
275 3216 310 3277 ad
323 3227 421 3278 vetera
437 3216 540 3277 tributa
555 3215 698 3275 deliciunt.
725 3213 800 3276 Emit
815 3215 902 3275 fiscus
917 3211 1052 3291 quidquid
1064 3213 1105 3270 ui·

101 3302 184 3362 detur
200 3320 306 3362 emere.
339 3300 408 3362 lnde
426 3303 544 3379 copiae,
570 3299 636 3360 iude
648 3316 773 3376 annona,
799 3298 835 3359 de
852 3316 906 3378 qua
925 3299 1000 3357 inter
1016 3295 1105 3355 liceu-

101 3395 158 3446 tem
173 3388 401 3464 vendentemque
417 3387 584 3464 conveniat,
601 3385 665 3444 iude
678 3383 725 3443 bic
737 3384 870 3460 satietas,
890 3400 945 3442 nec
956 3380 1046 3440 fames
1058 3397 1105 3439 us·

102 3489 200 3549 quam,
211 3470 363 3551 Aegyptus
376 3469 484 3531 alendis
496 3468 690 3547 augendisque
702 3467 854 3529 seminibus
869 3469 907 3527 ita
922 3464 1042 3543 gloriata
1058 3471 1102 3522 est
1114 3458 1157 3522 30
