<?xml version="1.0" encoding="UTF-8"?>
<!DOCTYPE html PUBLIC "-//W3C//DTD XHTML 1.0 Transitional//EN"
    "http://www.w3.org/TR/xhtml1/DTD/xhtml1-transitional.dtd">
<html xmlns="http://www.w3.org/1999/xhtml" xml:lang="en" lang="en">
 <head>
  <title>
</title>
<meta http-equiv="Content-Type" content="text/html;charset=utf-8" />
  <meta name='ocr-system' content='tesseract 3.04.00' />
  <meta name='ocr-capabilities' content='ocr_page ocr_carea ocr_par ocr_line ocrx_word'/>
</head>
<body>
  <div class='ocr_page' id='page_1' title='image "./cplinicaecilise01plingoog_0136.png"; bbox 0 0 2400 3848; ppageno 0'>
   <div class='ocr_carea' id='block_1_1' title="bbox 384 218 1093 285">
    <p class='ocr_par' dir='ltr' id='par_1_1' title="bbox 384 218 1093 285">
     <span class='ocr_line' id='line_1_1' title="bbox 384 218 1093 285; baseline 0.007 -5"><span class='ocrx_word' id='word_1_1' title='bbox 384 218 796 283; x_wconf 66' lang='lat' dir='ltr'>cummuniter.</span> <span class='ocrx_word' id='word_1_2' title='bbox 1031 220 1093 285; x_wconf 77' lang='lat'>109</span> 
     </span>
    </p>
   </div>
   <div class='ocr_carea' id='block_1_2' title="bbox 44 371 1135 3374">
    <p class='ocr_par' dir='ltr' id='par_1_2' title="bbox 44 371 1135 3374">
     <span class='ocr_line' id='line_1_2' title="bbox 88 371 1093 453; baseline 0.002 -21"><span class='ocrx_word' id='word_1_3' title='bbox 88 388 264 451; x_wconf 77' lang='lat' dir='ltr'>possessore</span> <span class='ocrx_word' id='word_1_4' title='bbox 281 379 362 432; x_wconf 90' lang='lat' dir='ltr'>esset</span> <span class='ocrx_word' id='word_1_5' title='bbox 375 380 506 449; x_wconf 90' lang='lat' dir='ltr'>acturus,</span> <span class='ocrx_word' id='word_1_6' title='bbox 524 371 600 451; x_wconf 92' lang='lat' dir='ltr'>quod</span> <span class='ocrx_word' id='word_1_7' title='bbox 616 372 762 433; x_wconf 84' lang='lat' dir='ltr'>candidum</span> <span class='ocrx_word' id='word_1_8' title='bbox 778 371 918 453; x_wconf 80' lang='lat' dir='ltr'>splenium</span> <span class='ocrx_word' id='word_1_9' title='bbox 931 374 959 433; x_wconf 92' lang='lat' dir='ltr'>in</span> <span class='ocrx_word' id='word_1_10' title='bbox 974 373 1031 433; x_wconf 89' lang='lat' dir='ltr'>boc</span> <span class='ocrx_word' id='word_1_11' title='bbox 1047 383 1093 435; x_wconf 89' lang='lat' dir='ltr'>aut</span> 
     </span>
     <span class='ocr_line' id='line_1_3' title="bbox 88 453 1093 536; baseline 0.003 -21"><span class='ocrx_word' id='word_1_12' title='bbox 88 457 119 515; x_wconf 94' lang='lat' dir='ltr'>in</span> <span class='ocrx_word' id='word_1_13' title='bbox 135 453 205 515; x_wconf 94' lang='lat' dir='ltr'>illud</span> <span class='ocrx_word' id='word_1_14' title='bbox 219 453 403 533; x_wconf 88' lang='lat' dir='ltr'>supercilium</span> <span class='ocrx_word' id='word_1_15' title='bbox 415 456 616 533; x_wconf 75' lang='lat' dir='ltr'>transferebat,</span> <span class='ocrx_word' id='word_1_16' title='bbox 633 455 710 534; x_wconf 91' lang='lat' dir='ltr'>quod</span> <span class='ocrx_word' id='word_1_17' title='bbox 720 474 836 534; x_wconf 90' lang='lat' dir='ltr'>semper</span> <span class='ocrx_word' id='word_1_18' title='bbox 844 456 1013 536; x_wconf 86' lang='lat' dir='ltr'>haruspices</span> <span class='ocrx_word' id='word_1_19' title='bbox 1025 474 1093 518; x_wconf 91' lang='lat' dir='ltr'>con·</span> 
     </span>
     <span class='ocr_line' id='line_1_4' title="bbox 90 537 1093 620; baseline 0 -20"><span class='ocrx_word' id='word_1_20' title='bbox 90 537 205 600; x_wconf 88' lang='lat' dir='ltr'>solebat</span> <span class='ocrx_word' id='word_1_21' title='bbox 219 537 256 598; x_wconf 93' lang='lat' dir='ltr'>de</span> <span class='ocrx_word' id='word_1_22' title='bbox 271 537 390 598; x_wconf 87' lang='lat' dir='ltr'>actionis</span> <span class='ocrx_word' id='word_1_23' title='bbox 406 549 529 617; x_wconf 86' lang='lat' dir='ltr'>eventu,</span> <span class='ocrx_word' id='word_1_24' title='bbox 553 558 569 600; x_wconf 90' lang='lat' dir='ltr'>a</span> <span class='ocrx_word' id='word_1_25' title='bbox 590 541 674 599; x_wconf 88' lang='lat' dir='ltr'>nimie</span> <span class='ocrx_word' id='word_1_26' title='bbox 687 541 908 620; x_wconf 80' lang='lat' dir='ltr'>superstitione,</span> <span class='ocrx_word' id='word_1_27' title='bbox 930 539 984 602; x_wconf 88' lang='lat' dir='ltr'>sed</span> <span class='ocrx_word' id='word_1_28' title='bbox 999 549 1093 601; x_wconf 91' lang='lat' dir='ltr'>tamen</span> 
     </span>
     <span class='ocr_line' id='line_1_5' title="bbox 90 619 1118 704; baseline 0.004 -21"><span class='ocrx_word' id='word_1_29' title='bbox 90 629 121 683; x_wconf 90' lang='lat' dir='ltr'>et</span> <span class='ocrx_word' id='word_1_30' title='bbox 134 639 151 682; x_wconf 89' lang='lat' dir='ltr'>a</span> <span class='ocrx_word' id='word_1_31' title='bbox 164 638 267 700; x_wconf 85' lang='lat' dir='ltr'>magno</span> <span class='ocrx_word' id='word_1_32' title='bbox 282 619 438 683; x_wconf 87' lang='lat' dir='ltr'>studiomm</span> <span class='ocrx_word' id='word_1_33' title='bbox 452 621 562 683; x_wconf 90' lang='lat' dir='ltr'>bonore</span> <span class='ocrx_word' id='word_1_34' title='bbox 582 622 724 684; x_wconf 84' lang='lat' dir='ltr'>ueniebat.</span> <span class='ocrx_word' id='word_1_35' title='bbox 753 620 812 682; x_wconf 84' lang='lat' dir='ltr'>lem</span> <span class='ocrx_word' id='word_1_36' title='bbox 830 621 880 683; x_wconf 88' lang='lat' dir='ltr'>illa</span> <span class='ocrx_word' id='word_1_37' title='bbox 899 641 1036 704; x_wconf 86' lang='lat' dir='ltr'>perquam</span> <span class='ocrx_word' id='word_1_38' title='bbox 1050 625 1118 688; x_wconf 74' lang='lat' dir='ltr'>iud</span> 
     </span>
     <span class='ocr_line' id='line_1_6' title="bbox 63 703 1093 786; baseline -0.002 -18"><span class='ocrx_word' id='word_1_39' title='bbox 63 703 183 768; x_wconf 73' lang='lat' dir='ltr'>tcunda</span> <span class='ocrx_word' id='word_1_40' title='bbox 196 723 251 766; x_wconf 87' lang='lat' dir='ltr'>una</span> <span class='ocrx_word' id='word_1_41' title='bbox 266 705 442 784; x_wconf 75' lang='lat' dir='ltr'>dicentibus,</span> <span class='ocrx_word' id='word_1_42' title='bbox 458 706 535 784; x_wconf 90' lang='lat' dir='ltr'>quod</span> <span class='ocrx_word' id='word_1_43' title='bbox 548 705 639 766; x_wconf 86' lang='lat' dir='ltr'>libera</span> <span class='ocrx_word' id='word_1_44' title='bbox 652 714 781 786; x_wconf 91' lang='lat' dir='ltr'>tempora</span> <span class='ocrx_word' id='word_1_45' title='bbox 794 706 928 785; x_wconf 86' lang='lat' dir='ltr'>petebat,</span> <span class='ocrx_word' id='word_1_46' title='bbox 955 705 1032 786; x_wconf 87' lang='lat' dir='ltr'>qood</span> <span class='ocrx_word' id='word_1_47' title='bbox 1045 725 1093 768; x_wconf 85' lang='lat' dir='ltr'>cu·</span> 
     </span>
     <span class='ocr_line' id='line_1_7' title="bbox 90 786 1092 868; baseline 0.002 -18"><span class='ocrx_word' id='word_1_48' title='bbox 90 789 200 850; x_wconf 90' lang='lat' dir='ltr'>dituros</span> <span class='ocrx_word' id='word_1_49' title='bbox 222 789 401 866; x_wconf 83' lang='lat' dir='ltr'>conrogabat.</span> <span class='ocrx_word' id='word_1_50' title='bbox 440 786 515 862; x_wconf 79' lang='lat' dir='ltr'>outo</span> <span class='ocrx_word' id='word_1_51' title='bbox 536 791 611 851; x_wconf 91' lang='lat' dir='ltr'>enim</span> <span class='ocrx_word' id='word_1_52' title='bbox 630 788 778 850; x_wconf 83' lang='lat' dir='ltr'>iucundius</span> <span class='ocrx_word' id='word_1_53' title='bbox 799 807 882 868; x_wconf 86' lang='lat' dir='ltr'>quam</span> <span class='ocrx_word' id='word_1_54' title='bbox 900 791 954 851; x_wconf 83' lang='lat' dir='ltr'>sub</span> <span class='ocrx_word' id='word_1_55' title='bbox 976 789 1092 852; x_wconf 88' lang='lat' dir='ltr'>alterius</span> 
     </span>
     <span class='ocr_line' id='line_1_8' title="bbox 88 870 1093 952; baseline 0.001 -20"><span class='ocrx_word' id='word_1_56' title='bbox 88 871 194 932; x_wconf 84' lang='lat' dir='ltr'>invidia</span> <span class='ocrx_word' id='word_1_57' title='bbox 217 889 299 951; x_wconf 90' lang='lat' dir='ltr'>quam</span> <span class='ocrx_word' id='word_1_58' title='bbox 320 870 365 932; x_wconf 93' lang='lat' dir='ltr'>diu</span> <span class='ocrx_word' id='word_1_59' title='bbox 386 871 459 934; x_wconf 87' lang='lat' dir='ltr'>velis</span> <span class='ocrx_word' id='word_1_60' title='bbox 480 874 553 935; x_wconf 92' lang='lat' dir='ltr'>etin</span> <span class='ocrx_word' id='word_1_61' title='bbox 574 872 668 934; x_wconf 90' lang='lat' dir='ltr'>alieno</span> <span class='ocrx_word' id='word_1_62' title='bbox 683 872 821 934; x_wconf 89' lang='lat' dir='ltr'>auditorio</span> <span class='ocrx_word' id='word_1_63' title='bbox 836 875 916 952; x_wconf 84' lang='lat' dir='ltr'>quasi</span> <span class='ocrx_word' id='word_1_64' title='bbox 934 873 1093 952; x_wconf 88' lang='lat' dir='ltr'>depreben-</span> 
     </span>
     <span class='ocr_line' id='line_1_9' title="bbox 90 951 1119 1037; baseline 0.005 -22"><span class='ocrx_word' id='word_1_65' title='bbox 90 974 154 1016; x_wconf 86' lang='lat' dir='ltr'>sum</span> <span class='ocrx_word' id='word_1_66' title='bbox 175 954 322 1016; x_wconf 88' lang='lat' dir='ltr'>commode</span> <span class='ocrx_word' id='word_1_67' title='bbox 345 951 464 1017; x_wconf 76' lang='lat' dir='ltr'>dicere?</span> <span class='ocrx_word' id='word_1_68' title='bbox 495 956 555 1018; x_wconf 88' lang='lat' dir='ltr'>Sed</span> <span class='ocrx_word' id='word_1_69' title='bbox 575 965 728 1037; x_wconf 90' lang='lat' dir='ltr'>utcumque</span> <span class='ocrx_word' id='word_1_70' title='bbox 750 976 782 1018; x_wconf 91' lang='lat' dir='ltr'>se</span> <span class='ocrx_word' id='word_1_71' title='bbox 798 955 903 1017; x_wconf 90' lang='lat' dir='ltr'>babent</span> <span class='ocrx_word' id='word_1_72' title='bbox 922 957 992 1034; x_wconf 85' lang='lat' dir='ltr'>istc,</span> <span class='ocrx_word' id='word_1_73' title='bbox 1018 956 1119 1020; x_wconf 75' lang='lat' dir='ltr'>bened</span> 
     </span>
     <span class='ocr_line' id='line_1_10' title="bbox 90 1037 1094 1119; baseline 0.001 -21"><span class='ocrx_word' id='word_1_74' title='bbox 90 1038 162 1099; x_wconf 84' lang='lat' dir='ltr'>lecit</span> <span class='ocrx_word' id='word_1_75' title='bbox 175 1037 304 1117; x_wconf 79' lang='lat' dir='ltr'>Regulus</span> <span class='ocrx_word' id='word_1_76' title='bbox 318 1038 395 1117; x_wconf 89' lang='lat' dir='ltr'>quod</span> <span class='ocrx_word' id='word_1_77' title='bbox 410 1049 455 1102; x_wconf 88' lang='lat' dir='ltr'>cst</span> <span class='ocrx_word' id='word_1_78' title='bbox 472 1051 614 1110; x_wconf 88' lang='lat' dir='ltr'>mortuus;</span> <span class='ocrx_word' id='word_1_79' title='bbox 637 1041 757 1119; x_wconf 90' lang='lat' dir='ltr'>melius,</span> <span class='ocrx_word' id='word_1_80' title='bbox 777 1042 803 1101; x_wconf 89' lang='lat' dir='ltr'>si</span> <span class='ocrx_word' id='word_1_81' title='bbox 817 1049 893 1101; x_wconf 89' lang='lat' dir='ltr'>ante.</span> <span class='ocrx_word' id='word_1_82' title='bbox 921 1037 1004 1100; x_wconf 87' lang='lat' dir='ltr'>Nunc</span> <span class='ocrx_word' id='word_1_83' title='bbox 1020 1041 1094 1100; x_wconf 91' lang='lat' dir='ltr'>enim</span> 
     </span>
     <span class='ocr_line' id='line_1_11' title="bbox 48 1122 1093 1203; baseline 0.004 -25"><span class='ocrx_word' id='word_1_84' title='bbox 48 1126 160 1184; x_wconf 85' lang='lat' dir='ltr'>losane</span> <span class='ocrx_word' id='word_1_85' title='bbox 186 1132 298 1202; x_wconf 91' lang='lat' dir='ltr'>poterat</span> <span class='ocrx_word' id='word_1_86' title='bbox 317 1124 379 1183; x_wconf 89' lang='lat' dir='ltr'>sine</span> <span class='ocrx_word' id='word_1_87' title='bbox 400 1122 475 1184; x_wconf 93' lang='lat' dir='ltr'>malo</span> <span class='ocrx_word' id='word_1_88' title='bbox 495 1123 614 1203; x_wconf 92' lang='lat' dir='ltr'>publico</span> <span class='ocrx_word' id='word_1_89' title='bbox 634 1127 733 1185; x_wconf 84' lang='lat' dir='ltr'>rivere</span> <span class='ocrx_word' id='word_1_90' title='bbox 755 1124 809 1185; x_wconf 92' lang='lat' dir='ltr'>sub</span> <span class='ocrx_word' id='word_1_91' title='bbox 831 1140 868 1184; x_wconf 89' lang='lat' dir='ltr'>eo</span> <span class='ocrx_word' id='word_1_92' title='bbox 888 1124 1018 1202; x_wconf 81' lang='lat' dir='ltr'>principe</span> <span class='ocrx_word' id='word_1_93' title='bbox 1039 1123 1093 1183; x_wconf 90' lang='lat' dir='ltr'>sub</span> 
     </span>
     <span class='ocr_line' id='line_1_12' title="bbox 90 1206 1094 1286; baseline 0.001 -21"><span class='ocrx_word' id='word_1_94' title='bbox 90 1223 148 1285; x_wconf 94' lang='lat' dir='ltr'>quo</span> <span class='ocrx_word' id='word_1_95' title='bbox 162 1222 270 1266; x_wconf 87' lang='lat' dir='ltr'>nocere</span> <span class='ocrx_word' id='word_1_96' title='bbox 287 1222 345 1265; x_wconf 92' lang='lat' dir='ltr'>non</span> <span class='ocrx_word' id='word_1_97' title='bbox 358 1216 479 1284; x_wconf 89' lang='lat' dir='ltr'>poterat.</span> <span class='ocrx_word' id='word_1_98' title='bbox 500 1206 570 1268; x_wconf 91' lang='lat' dir='ltr'>ldeo</span> <span class='ocrx_word' id='word_1_99' title='bbox 581 1208 625 1270; x_wconf 87' lang='lat' dir='ltr'>ias</span> <span class='ocrx_word' id='word_1_100' title='bbox 640 1219 686 1269; x_wconf 89' lang='lat' dir='ltr'>est</span> <span class='ocrx_word' id='word_1_101' title='bbox 699 1225 757 1267; x_wconf 92' lang='lat' dir='ltr'>non</span> <span class='ocrx_word' id='word_1_102' title='bbox 769 1225 919 1285; x_wconf 81' lang='lat' dir='ltr'>numquam</span> <span class='ocrx_word' id='word_1_103' title='bbox 931 1224 995 1267; x_wconf 89' lang='lat' dir='ltr'>enm</span> <span class='ocrx_word' id='word_1_104' title='bbox 1009 1224 1094 1286; x_wconf 88' lang='lat' dir='ltr'>quae·</span> 
     </span>
     <span class='ocr_line' id='line_1_13' title="bbox 90 1287 1118 1369; baseline 0.005 -20"><span class='ocrx_word' id='word_1_105' title='bbox 90 1306 166 1349; x_wconf 90' lang='lat' dir='ltr'>rere.</span> <span class='ocrx_word' id='word_1_106' title='bbox 198 1287 269 1347; x_wconf 90' lang='lat' dir='ltr'>Nam</span> <span class='ocrx_word' id='word_1_107' title='bbox 290 1298 440 1367; x_wconf 85' lang='lat' dir='ltr'>postquam</span> <span class='ocrx_word' id='word_1_108' title='bbox 459 1289 529 1350; x_wconf 90' lang='lat' dir='ltr'>obiit</span> <span class='ocrx_word' id='word_1_109' title='bbox 548 1289 615 1368; x_wconf 91' lang='lat' dir='ltr'>ille,</span> <span class='ocrx_word' id='word_1_110' title='bbox 635 1291 791 1351; x_wconf 84' lang='lat' dir='ltr'>increbruit</span> <span class='ocrx_word' id='word_1_111' title='bbox 810 1293 915 1369; x_wconf 87' lang='lat' dir='ltr'>passim</span> <span class='ocrx_word' id='word_1_112' title='bbox 934 1298 964 1349; x_wconf 90' lang='lat' dir='ltr'>et</span> <span class='ocrx_word' id='word_1_113' title='bbox 978 1288 1118 1354; x_wconf 84' lang='lat' dir='ltr'>invaluit5</span> 
     </span>
     <span class='ocr_line' id='line_1_14' title="bbox 92 1370 1093 1451; baseline 0 -19"><span class='ocrx_word' id='word_1_114' title='bbox 92 1370 270 1432; x_wconf 90' lang='lat' dir='ltr'>consuetudo</span> <span class='ocrx_word' id='word_1_115' title='bbox 290 1371 370 1431; x_wconf 89' lang='lat' dir='ltr'>binas</span> <span class='ocrx_word' id='word_1_116' title='bbox 385 1371 433 1431; x_wconf 86' lang='lat' dir='ltr'>vel</span> <span class='ocrx_word' id='word_1_117' title='bbox 448 1372 575 1450; x_wconf 85' lang='lat' dir='ltr'>singulas</span> <span class='ocrx_word' id='word_1_118' title='bbox 589 1372 774 1451; x_wconf 73' lang='lat' dir='ltr'>clepsydras,</span> <span class='ocrx_word' id='word_1_119' title='bbox 795 1373 935 1433; x_wconf 88' lang='lat' dir='ltr'>interdurn</span> <span class='ocrx_word' id='word_1_120' title='bbox 954 1376 1038 1432; x_wconf 91' lang='lat' dir='ltr'>etiam</span> <span class='ocrx_word' id='word_1_121' title='bbox 1054 1372 1093 1432; x_wconf 90' lang='lat' dir='ltr'>di·</span> 
     </span>
     <span class='ocr_line' id='line_1_15' title="bbox 91 1451 1094 1533; baseline 0.004 -21"><span class='ocrx_word' id='word_1_122' title='bbox 91 1451 190 1514; x_wconf 81' lang='lat' dir='ltr'>midias</span> <span class='ocrx_word' id='word_1_123' title='bbox 212 1462 242 1513; x_wconf 89' lang='lat' dir='ltr'>et</span> <span class='ocrx_word' id='word_1_124' title='bbox 263 1452 344 1512; x_wconf 85' lang='lat' dir='ltr'>dandi</span> <span class='ocrx_word' id='word_1_125' title='bbox 366 1461 396 1513; x_wconf 92' lang='lat' dir='ltr'>et</span> <span class='ocrx_word' id='word_1_126' title='bbox 416 1453 542 1532; x_wconf 91' lang='lat' dir='ltr'>petendi.</span> <span class='ocrx_word' id='word_1_127' title='bbox 573 1454 643 1514; x_wconf 88' lang='lat' dir='ltr'>Nam</span> <span class='ocrx_word' id='word_1_128' title='bbox 657 1464 687 1514; x_wconf 89' lang='lat' dir='ltr'>et</span> <span class='ocrx_word' id='word_1_129' title='bbox 701 1456 749 1533; x_wconf 91' lang='lat' dir='ltr'>qul</span> <span class='ocrx_word' id='word_1_130' title='bbox 766 1455 862 1515; x_wconf 90' lang='lat' dir='ltr'>dicunt</span> <span class='ocrx_word' id='word_1_131' title='bbox 880 1455 978 1532; x_wconf 89' lang='lat' dir='ltr'>egisse</span> <span class='ocrx_word' id='word_1_132' title='bbox 988 1454 1094 1516; x_wconf 88' lang='lat' dir='ltr'>malunt</span> 
     </span>
     <span class='ocr_line' id='line_1_16' title="bbox 49 1535 1093 1615; baseline 0.002 -19"><span class='ocrx_word' id='word_1_133' title='bbox 49 1535 82 1587; x_wconf 83' lang='lat'>15</span> <span class='ocrx_word' id='word_1_134' title='bbox 92 1553 175 1615; x_wconf 87' lang='lat' dir='ltr'>quam</span> <span class='ocrx_word' id='word_1_135' title='bbox 190 1553 279 1613; x_wconf 89' lang='lat' dir='ltr'>agere</span> <span class='ocrx_word' id='word_1_136' title='bbox 294 1546 323 1596; x_wconf 87' lang='lat' dir='ltr'>et</span> <span class='ocrx_word' id='word_1_137' title='bbox 338 1537 386 1614; x_wconf 94' lang='lat' dir='ltr'>qui</span> <span class='ocrx_word' id='word_1_138' title='bbox 401 1536 516 1598; x_wconf 90' lang='lat' dir='ltr'>audiunt</span> <span class='ocrx_word' id='word_1_139' title='bbox 533 1537 613 1598; x_wconf 87' lang='lat' dir='ltr'>linire</span> <span class='ocrx_word' id='word_1_140' title='bbox 630 1555 712 1615; x_wconf 90' lang='lat' dir='ltr'>quam</span> <span class='ocrx_word' id='word_1_141' title='bbox 729 1537 864 1598; x_wconf 86' lang='lat' dir='ltr'>iudicare.</span> <span class='ocrx_word' id='word_1_142' title='bbox 892 1536 980 1597; x_wconf 82' lang='lat' dir='ltr'>Tanta</span> <span class='ocrx_word' id='word_1_143' title='bbox 994 1537 1093 1615; x_wconf 85' lang='lat' dir='ltr'>negle-</span> 
     </span>
     <span class='ocr_line' id='line_1_17' title="bbox 91 1619 1093 1699; baseline 0 -19"><span class='ocrx_word' id='word_1_144' title='bbox 91 1622 206 1698; x_wconf 86' lang='lat' dir='ltr'>gentia,</span> <span class='ocrx_word' id='word_1_145' title='bbox 238 1628 314 1680; x_wconf 82' lang='lat' dir='ltr'>tanta</span> <span class='ocrx_word' id='word_1_146' title='bbox 337 1619 461 1698; x_wconf 91' lang='lat' dir='ltr'>desidia,</span> <span class='ocrx_word' id='word_1_147' title='bbox 488 1630 565 1682; x_wconf 87' lang='lat' dir='ltr'>tanta</span> <span class='ocrx_word' id='word_1_148' title='bbox 585 1619 707 1699; x_wconf 88' lang='lat' dir='ltr'>deniqne</span> <span class='ocrx_word' id='word_1_149' title='bbox 727 1621 917 1682; x_wconf 81' lang='lat' dir='ltr'>inreverentia</span> <span class='ocrx_word' id='word_1_150' title='bbox 939 1620 1093 1681; x_wconf 89' lang='lat' dir='ltr'>studiorum</span> 
     </span>
     <span class='ocr_line' id='line_1_18' title="bbox 91 1703 1120 1785; baseline 0.005 -21"><span class='ocrx_word' id='word_1_151' title='bbox 91 1703 343 1783; x_wconf 86' lang='lat' dir='ltr'>periculommque</span> <span class='ocrx_word' id='word_1_152' title='bbox 362 1712 416 1764; x_wconf 89' lang='lat' dir='ltr'>est.</span> <span class='ocrx_word' id='word_1_153' title='bbox 449 1704 494 1763; x_wconf 81' lang='lat' dir='ltr'>An</span> <span class='ocrx_word' id='word_1_154' title='bbox 514 1721 568 1765; x_wconf 88' lang='lat' dir='ltr'>nos</span> <span class='ocrx_word' id='word_1_155' title='bbox 593 1706 781 1785; x_wconf 86' lang='lat' dir='ltr'>sapientiores</span> <span class='ocrx_word' id='word_1_156' title='bbox 802 1703 953 1766; x_wconf 87' lang='lat' dir='ltr'>maioribus</span> <span class='ocrx_word' id='word_1_157' title='bbox 975 1707 1120 1783; x_wconf 88' lang='lat' dir='ltr'>nostris,6</span> 
     </span>
     <span class='ocr_line' id='line_1_19' title="bbox 90 1786 1093 1866; baseline 0.001 -19"><span class='ocrx_word' id='word_1_158' title='bbox 90 1803 144 1848; x_wconf 92' lang='lat' dir='ltr'>nos</span> <span class='ocrx_word' id='word_1_159' title='bbox 158 1786 273 1865; x_wconf 86' lang='lat' dir='ltr'>legibus</span> <span class='ocrx_word' id='word_1_160' title='bbox 287 1788 358 1866; x_wconf 89' lang='lat' dir='ltr'>ipsis</span> <span class='ocrx_word' id='word_1_161' title='bbox 371 1788 522 1866; x_wconf 88' lang='lat' dir='ltr'>iustiores,</span> <span class='ocrx_word' id='word_1_162' title='bbox 544 1806 616 1866; x_wconf 90' lang='lat' dir='ltr'>quae</span> <span class='ocrx_word' id='word_1_163' title='bbox 631 1796 675 1848; x_wconf 92' lang='lat' dir='ltr'>tot</span> <span class='ocrx_word' id='word_1_164' title='bbox 690 1788 791 1865; x_wconf 89' lang='lat' dir='ltr'>horas,</span> <span class='ocrx_word' id='word_1_165' title='bbox 807 1798 849 1849; x_wconf 91' lang='lat' dir='ltr'>tot</span> <span class='ocrx_word' id='word_1_166' title='bbox 865 1787 944 1865; x_wconf 86' lang='lat' dir='ltr'>dies,</span> <span class='ocrx_word' id='word_1_167' title='bbox 958 1795 1001 1848; x_wconf 90' lang='lat' dir='ltr'>tot</span> <span class='ocrx_word' id='word_1_168' title='bbox 1017 1805 1093 1849; x_wconf 91' lang='lat' dir='ltr'>ccm-</span> 
     </span>
     <span class='ocr_line' id='line_1_20' title="bbox 91 1869 1092 1952; baseline 0 -21"><span class='ocrx_word' id='word_1_169' title='bbox 91 1870 339 1949; x_wconf 89' lang='lat' dir='ltr'>perendinationes</span> <span class='ocrx_word' id='word_1_170' title='bbox 355 1869 531 1950; x_wconf 81' lang='lat' dir='ltr'>largiuntur?</span> <span class='ocrx_word' id='word_1_171' title='bbox 551 1871 673 1933; x_wconf 89' lang='lat' dir='ltr'>bebetes</span> <span class='ocrx_word' id='word_1_172' title='bbox 688 1871 730 1932; x_wconf 92' lang='lat' dir='ltr'>illi</span> <span class='ocrx_word' id='word_1_173' title='bbox 745 1880 775 1932; x_wconf 90' lang='lat' dir='ltr'>et</span> <span class='ocrx_word' id='word_1_174' title='bbox 788 1891 874 1952; x_wconf 87' lang='lat' dir='ltr'>supra</span> <span class='ocrx_word' id='word_1_175' title='bbox 884 1871 998 1931; x_wconf 86' lang='lat' dir='ltr'>modurn</span> <span class='ocrx_word' id='word_1_176' title='bbox 1008 1871 1092 1950; x_wconf 90' lang='lat' dir='ltr'>tardi,</span> 
     </span>
     <span class='ocr_line' id='line_1_21' title="bbox 47 1953 1093 2034; baseline 0.003 -23"><span class='ocrx_word' id='word_1_177' title='bbox 47 1957 144 2015; x_wconf 73' lang='lat' dir='ltr'>tonos</span> <span class='ocrx_word' id='word_1_178' title='bbox 160 1956 286 2033; x_wconf 81' lang='lat' dir='ltr'>apertius</span> <span class='ocrx_word' id='word_1_179' title='bbox 300 1953 431 2033; x_wconf 87' lang='lat' dir='ltr'>dicimus,</span> <span class='ocrx_word' id='word_1_180' title='bbox 450 1955 574 2017; x_wconf 87' lang='lat' dir='ltr'>celerius</span> <span class='ocrx_word' id='word_1_181' title='bbox 589 1955 794 2034; x_wconf 77' lang='lat' dir='ltr'>intellegimus,</span> <span class='ocrx_word' id='word_1_182' title='bbox 810 1955 974 2034; x_wconf 77' lang='lat' dir='ltr'>religiosius</span> <span class='ocrx_word' id='word_1_183' title='bbox 988 1954 1093 2015; x_wconf 90' lang='lat' dir='ltr'>iudica·</span> 
     </span>
     <span class='ocr_line' id='line_1_22' title="bbox 89 2039 1118 2202; baseline 0.009 -21"><span class='ocrx_word' id='word_1_184' title='bbox 89 2039 987 2202; x_wconf 42' lang='lat' dir='ltr'>titt&amp;tribulabiminidilituit</span> <span class='ocrx_word' id='word_1_185' title='bbox 1006 2055 1118 2190; x_wconf 60' lang='lat' dir='ltr'>illle</span> 
     </span>
     <span class='ocr_line' id='line_1_23' title="bbox 90 2167 1092 2286; baseline 0.001 -22"><span class='ocrx_word' id='word_1_186' title='bbox 90 2205 145 2265; x_wconf 91' lang='lat' dir='ltr'>bns</span> <span class='ocrx_word' id='word_1_187' title='bbox 162 2205 312 2284; x_wconf 88' lang='lat' dir='ltr'>optinebas</span> <span class='ocrx_word' id='word_1_188' title='bbox 332 2203 409 2284; x_wconf 92' lang='lat' dir='ltr'>quod</span> <span class='ocrx_word' id='word_1_189' title='bbox 425 2204 491 2265; x_wconf 90' lang='lat' dir='ltr'>lidei</span> <span class='ocrx_word' id='word_1_190' title='bbox 504 2207 668 2286; x_wconf 86' lang='lat' dir='ltr'>paucissimi</span> <span class='ocrx_word' id='word_1_191' title='bbox 687 2167 845 2285; x_wconf 72' lang='lat' dir='ltr'>praestant!</span> <span class='ocrx_word' id='word_1_192' title='bbox 868 2204 1008 2285; x_wconf 83' lang='lat' dir='ltr'>Equidem</span> <span class='ocrx_word' id='word_1_193' title='bbox 1022 2223 1092 2285; x_wconf 93' lang='lat' dir='ltr'>qno-</span> 
     </span>
     <span class='ocr_line' id='line_1_24' title="bbox 89 2287 1092 2369; baseline 0.002 -21"><span class='ocrx_word' id='word_1_194' title='bbox 89 2289 165 2350; x_wconf 88' lang='lat' dir='ltr'>ticns</span> <span class='ocrx_word' id='word_1_195' title='bbox 179 2288 292 2367; x_wconf 92' lang='lat' dir='ltr'>iudico,</span> <span class='ocrx_word' id='word_1_196' title='bbox 318 2288 395 2366; x_wconf 90' lang='lat' dir='ltr'>quod</span> <span class='ocrx_word' id='word_1_197' title='bbox 409 2287 457 2349; x_wconf 85' lang='lat' dir='ltr'>vel</span> <span class='ocrx_word' id='word_1_198' title='bbox 471 2291 587 2368; x_wconf 89' lang='lat' dir='ltr'>saepius</span> <span class='ocrx_word' id='word_1_199' title='bbox 602 2289 678 2351; x_wconf 82' lang='lat' dir='ltr'>facio</span> <span class='ocrx_word' id='word_1_200' title='bbox 693 2307 776 2368; x_wconf 84' lang='lat' dir='ltr'>quom</span> <span class='ocrx_word' id='word_1_201' title='bbox 790 2289 867 2369; x_wconf 91' lang='lat' dir='ltr'>dico,</span> <span class='ocrx_word' id='word_1_202' title='bbox 885 2301 1016 2368; x_wconf 90' lang='lat' dir='ltr'>quantum</span> <span class='ocrx_word' id='word_1_203' title='bbox 1029 2290 1092 2367; x_wconf 91' lang='lat' dir='ltr'>quis</span> 
     </span>
     <span class='ocr_line' id='line_1_25' title="bbox 46 2371 1118 2452; baseline 0 -20"><span class='ocrx_word' id='word_1_204' title='bbox 46 2371 240 2452; x_wconf 67' lang='lat' dir='ltr'>utplurimum</span> <span class='ocrx_word' id='word_1_205' title='bbox 256 2371 382 2451; x_wconf 89' lang='lat' dir='ltr'>postulat</span> <span class='ocrx_word' id='word_1_206' title='bbox 402 2389 491 2451; x_wconf 85' lang='lat' dir='ltr'>aquae</span> <span class='ocrx_word' id='word_1_207' title='bbox 509 2372 556 2433; x_wconf 90' lang='lat' dir='ltr'>do.</span> <span class='ocrx_word' id='word_1_208' title='bbox 590 2372 703 2434; x_wconf 82' lang='lat' dir='ltr'>Etenim</span> <span class='ocrx_word' id='word_1_209' title='bbox 715 2375 894 2435; x_wconf 84' lang='lat' dir='ltr'>temerarium</span> <span class='ocrx_word' id='word_1_210' title='bbox 909 2375 1040 2434; x_wconf 80' lang='lat' dir='ltr'>existimo</span> <span class='ocrx_word' id='word_1_211' title='bbox 1053 2373 1118 2440; x_wconf 73' lang='lat' dir='ltr'>uti-s</span> 
     </span>
     <span class='ocr_line' id='line_1_26' title="bbox 89 2456 1092 2537; baseline 0.002 -23"><span class='ocrx_word' id='word_1_212' title='bbox 89 2457 187 2516; x_wconf 86' lang='lat' dir='ltr'>rinare</span> <span class='ocrx_word' id='word_1_213' title='bbox 206 2474 289 2535; x_wconf 91' lang='lat' dir='ltr'>quam</span> <span class='ocrx_word' id='word_1_214' title='bbox 304 2458 431 2535; x_wconf 90' lang='lat' dir='ltr'>spatiosa</span> <span class='ocrx_word' id='word_1_215' title='bbox 446 2458 484 2518; x_wconf 90' lang='lat' dir='ltr'>sit</span> <span class='ocrx_word' id='word_1_216' title='bbox 499 2475 585 2518; x_wconf 85' lang='lat' dir='ltr'>causa</span> <span class='ocrx_word' id='word_1_217' title='bbox 602 2456 725 2518; x_wconf 90' lang='lat' dir='ltr'>inaudita</span> <span class='ocrx_word' id='word_1_218' title='bbox 738 2466 910 2537; x_wconf 88' lang='lat' dir='ltr'>tempusque</span> <span class='ocrx_word' id='word_1_219' title='bbox 925 2458 1043 2534; x_wconf 88' lang='lat' dir='ltr'>negotio</span> <span class='ocrx_word' id='word_1_220' title='bbox 1061 2457 1092 2516; x_wconf 84' lang='lat' dir='ltr'>fi-</span> 
     </span>
     <span class='ocr_line' id='line_1_27' title="bbox 89 2539 1092 2621; baseline 0.002 -23"><span class='ocrx_word' id='word_1_221' title='bbox 89 2539 150 2599; x_wconf 89' lang='lat' dir='ltr'>nire</span> <span class='ocrx_word' id='word_1_222' title='bbox 166 2542 246 2602; x_wconf 88' lang='lat' dir='ltr'>cuins</span> <span class='ocrx_word' id='word_1_223' title='bbox 265 2539 378 2600; x_wconf 88' lang='lat' dir='ltr'>modum</span> <span class='ocrx_word' id='word_1_224' title='bbox 391 2542 525 2619; x_wconf 89' lang='lat' dir='ltr'>ignores,</span> <span class='ocrx_word' id='word_1_225' title='bbox 548 2543 717 2621; x_wconf 82' lang='lat' dir='ltr'>praesertim</span> <span class='ocrx_word' id='word_1_226' title='bbox 740 2560 804 2602; x_wconf 91' lang='lat' dir='ltr'>cum</span> <span class='ocrx_word' id='word_1_227' title='bbox 825 2544 942 2621; x_wconf 84' lang='lat' dir='ltr'>primam</span> <span class='ocrx_word' id='word_1_228' title='bbox 959 2540 1092 2618; x_wconf 76' lang='lat' dir='ltr'>religIoni</span> 
     </span>
     <span class='ocr_line' id='line_1_28' title="bbox 90 2624 1092 2706; baseline 0 -24"><span class='ocrx_word' id='word_1_229' title='bbox 90 2640 160 2683; x_wconf 90' lang='lat' dir='ltr'>suae</span> <span class='ocrx_word' id='word_1_230' title='bbox 173 2624 260 2685; x_wconf 84' lang='lat' dir='ltr'>iudex</span> <span class='ocrx_word' id='word_1_231' title='bbox 280 2626 441 2703; x_wconf 90' lang='lat' dir='ltr'>patientiam</span> <span class='ocrx_word' id='word_1_232' title='bbox 463 2624 582 2703; x_wconf 89' lang='lat' dir='ltr'>debeat,</span> <span class='ocrx_word' id='word_1_233' title='bbox 609 2644 682 2706; x_wconf 86' lang='lat' dir='ltr'>quae</span> <span class='ocrx_word' id='word_1_234' title='bbox 703 2643 769 2704; x_wconf 89' lang='lat' dir='ltr'>pars</span> <span class='ocrx_word' id='word_1_235' title='bbox 783 2642 884 2704; x_wconf 90' lang='lat' dir='ltr'>magna</span> <span class='ocrx_word' id='word_1_236' title='bbox 900 2626 1024 2684; x_wconf 89' lang='lat' dir='ltr'>institiae</span> <span class='ocrx_word' id='word_1_237' title='bbox 1038 2632 1092 2684; x_wconf 89' lang='lat' dir='ltr'>est.</span> 
     </span>
     <span class='ocr_line' id='line_1_29' title="bbox 88 2704 1092 2786; baseline 0 -21"><span class='ocrx_word' id='word_1_238' title='bbox 88 2705 128 2765; x_wconf 78' lang='lat' dir='ltr'>At</span> <span class='ocrx_word' id='word_1_239' title='bbox 142 2706 277 2786; x_wconf 91' lang='lat' dir='ltr'>quaedam</span> <span class='ocrx_word' id='word_1_240' title='bbox 291 2725 468 2786; x_wconf 85' lang='lat' dir='ltr'>supervacua</span> <span class='ocrx_word' id='word_1_241' title='bbox 479 2707 617 2770; x_wconf 87' lang='lat' dir='ltr'>dicuntur.</span> <span class='ocrx_word' id='word_1_242' title='bbox 639 2708 745 2770; x_wconf 90' lang='lat' dir='ltr'>Etiam:</span> <span class='ocrx_word' id='word_1_243' title='bbox 759 2709 910 2770; x_wconf 87' lang='lat' dir='ltr'>sedsatius</span> <span class='ocrx_word' id='word_1_244' title='bbox 922 2714 966 2766; x_wconf 87' lang='lat' dir='ltr'>est</span> <span class='ocrx_word' id='word_1_245' title='bbox 979 2704 1092 2765; x_wconf 88' lang='lat' dir='ltr'>ethaeo</span> 
     </span>
     <span class='ocr_line' id='line_1_30' title="bbox 45 2787 1118 2870; baseline -0.004 -21"><span class='ocrx_word' id='word_1_246' title='bbox 45 2787 147 2856; x_wconf 70' lang='lat' dir='ltr'>sollici</span> <span class='ocrx_word' id='word_1_247' title='bbox 163 2808 245 2870; x_wconf 90' lang='lat' dir='ltr'>quam</span> <span class='ocrx_word' id='word_1_248' title='bbox 266 2808 323 2851; x_wconf 91' lang='lat' dir='ltr'>non</span> <span class='ocrx_word' id='word_1_249' title='bbox 343 2790 399 2851; x_wconf 89' lang='lat' dir='ltr'>dici</span> <span class='ocrx_word' id='word_1_250' title='bbox 412 2793 585 2852; x_wconf 87' lang='lat' dir='ltr'>necessaria.</span> <span class='ocrx_word' id='word_1_251' title='bbox 617 2793 769 2853; x_wconf 88' lang='lat' dir='ltr'>Praeterea</span> <span class='ocrx_word' id='word_1_252' title='bbox 783 2810 819 2852; x_wconf 91' lang='lat' dir='ltr'>an</span> <span class='ocrx_word' id='word_1_253' title='bbox 833 2793 888 2852; x_wconf 91' lang='lat' dir='ltr'>sint</span> <span class='ocrx_word' id='word_1_254' title='bbox 903 2799 1118 2866; x_wconf 83' lang='lat' dir='ltr'>supervacua,9</span> 
     </span>
     <span class='ocr_line' id='line_1_31' title="bbox 89 2869 1090 2954; baseline -0.002 -22"><span class='ocrx_word' id='word_1_255' title='bbox 89 2874 144 2935; x_wconf 86' lang='lat' dir='ltr'>nisi</span> <span class='ocrx_word' id='word_1_256' title='bbox 160 2892 224 2934; x_wconf 84' lang='lat' dir='ltr'>cunr</span> <span class='ocrx_word' id='word_1_257' title='bbox 238 2873 372 2952; x_wconf 89' lang='lat' dir='ltr'>audieris,</span> <span class='ocrx_word' id='word_1_258' title='bbox 388 2876 463 2935; x_wconf 90' lang='lat' dir='ltr'>scire</span> <span class='ocrx_word' id='word_1_259' title='bbox 478 2892 534 2935; x_wconf 93' lang='lat' dir='ltr'>non</span> <span class='ocrx_word' id='word_1_260' title='bbox 548 2877 654 2954; x_wconf 89' lang='lat' dir='ltr'>possis.</span> <span class='ocrx_word' id='word_1_261' title='bbox 686 2874 744 2933; x_wconf 88' lang='lat' dir='ltr'>Sed</span> <span class='ocrx_word' id='word_1_262' title='bbox 758 2875 793 2935; x_wconf 91' lang='lat' dir='ltr'>de</span> <span class='ocrx_word' id='word_1_263' title='bbox 808 2873 852 2934; x_wconf 92' lang='lat' dir='ltr'>his</span> <span class='ocrx_word' id='word_1_264' title='bbox 868 2869 968 2930; x_wconf 91' lang='lat' dir='ltr'>melius</span> <span class='ocrx_word' id='word_1_265' title='bbox 984 2886 1090 2948; x_wconf 91' lang='lat' dir='ltr'>coram,</span> 
     </span>
     <span class='ocr_line' id='line_1_32' title="bbox 88 2955 1091 3037; baseline -0.004 -20"><span class='ocrx_word' id='word_1_266' title='bbox 88 2965 120 3018; x_wconf 89' lang='lat' dir='ltr'>nt</span> <span class='ocrx_word' id='word_1_267' title='bbox 134 2955 170 3018; x_wconf 91' lang='lat' dir='ltr'>de</span> <span class='ocrx_word' id='word_1_268' title='bbox 187 2956 317 3037; x_wconf 90' lang='lat' dir='ltr'>pluribus</span> <span class='ocrx_word' id='word_1_269' title='bbox 332 2959 407 3019; x_wconf 83' lang='lat' dir='ltr'>vitiis</span> <span class='ocrx_word' id='word_1_270' title='bbox 428 2959 558 3018; x_wconf 86' lang='lat' dir='ltr'>civitatis.</span> <span class='ocrx_word' id='word_1_271' title='bbox 588 2956 658 3019; x_wconf 88' lang='lat' dir='ltr'>Nam</span> <span class='ocrx_word' id='word_1_272' title='bbox 673 2967 704 3018; x_wconf 89' lang='lat' dir='ltr'>tu</span> <span class='ocrx_word' id='word_1_273' title='bbox 720 2974 834 3037; x_wconf 89' lang='lat' dir='ltr'>quoque</span> <span class='ocrx_word' id='word_1_274' title='bbox 849 2971 946 3015; x_wconf 87' lang='lat' dir='ltr'>amore</span> <span class='ocrx_word' id='word_1_275' title='bbox 967 2970 1091 3015; x_wconf 88' lang='lat' dir='ltr'>commu·</span> 
     </span>
     <span class='ocr_line' id='line_1_33' title="bbox 88 3036 1090 3120; baseline -0.004 -19"><span class='ocrx_word' id='word_1_276' title='bbox 88 3042 167 3101; x_wconf 91' lang='lat' dir='ltr'>nium</span> <span class='ocrx_word' id='word_1_277' title='bbox 180 3040 260 3103; x_wconf 88' lang='lat' dir='ltr'>soles</span> <span class='ocrx_word' id='word_1_278' title='bbox 275 3041 418 3103; x_wconf 88' lang='lat' dir='ltr'>emendari</span> <span class='ocrx_word' id='word_1_279' title='bbox 437 3058 545 3120; x_wconf 86' lang='lat' dir='ltr'>cupere</span> <span class='ocrx_word' id='word_1_280' title='bbox 567 3059 640 3120; x_wconf 88' lang='lat' dir='ltr'>quac</span> <span class='ocrx_word' id='word_1_281' title='bbox 662 3042 716 3101; x_wconf 90' lang='lat' dir='ltr'>iam</span> <span class='ocrx_word' id='word_1_282' title='bbox 737 3042 886 3120; x_wconf 84' lang='lat' dir='ltr'>corrigere</span> <span class='ocrx_word' id='word_1_283' title='bbox 903 3036 1020 3099; x_wconf 84' lang='lat' dir='ltr'>difficile</span> <span class='ocrx_word' id='word_1_284' title='bbox 1035 3048 1090 3099; x_wconf 90' lang='lat' dir='ltr'>est.</span> 
     </span>
     <span class='ocr_line' id='line_1_34' title="bbox 88 3117 1135 3205; baseline 0.003 -21"><span class='ocrx_word' id='word_1_285' title='bbox 88 3123 172 3186; x_wconf 87' lang='lat' dir='ltr'>Nunc</span> <span class='ocrx_word' id='word_1_286' title='bbox 182 3126 368 3204; x_wconf 82' lang='lat' dir='ltr'>respiciamus</span> <span class='ocrx_word' id='word_1_287' title='bbox 383 3123 483 3185; x_wconf 93' lang='lat' dir='ltr'>domos</span> <span class='ocrx_word' id='word_1_288' title='bbox 499 3133 622 3186; x_wconf 84' lang='lat' dir='ltr'>nostrus.</span> <span class='ocrx_word' id='word_1_289' title='bbox 655 3123 766 3205; x_wconf 84' lang='lat' dir='ltr'>Ecquid</span> <span class='ocrx_word' id='word_1_290' title='bbox 781 3124 872 3185; x_wconf 84' lang='lat' dir='ltr'>omnin</span> <span class='ocrx_word' id='word_1_291' title='bbox 884 3123 913 3181; x_wconf 90' lang='lat' dir='ltr'>in</span> <span class='ocrx_word' id='word_1_292' title='bbox 928 3131 976 3182; x_wconf 86' lang='lat' dir='ltr'>tua</span> <span class='ocrx_word' id='word_1_293' title='bbox 988 3117 1090 3183; x_wconf 77' lang='lat' dir='ltr'>recte?</span> <span class='ocrx_word' id='word_1_294' title='bbox 1100 3133 1135 3187; x_wconf 89' lang='lat'>10</span> 
     </span>
     <span class='ocr_line' id='line_1_35' title="bbox 44 3204 1089 3288; baseline -0.008 -16"><span class='ocrx_word' id='word_1_295' title='bbox 44 3210 118 3272; x_wconf 67' lang='lat' dir='ltr'>dein</span> <span class='ocrx_word' id='word_1_296' title='bbox 132 3210 195 3269; x_wconf 86' lang='lat' dir='ltr'>men</span> <span class='ocrx_word' id='word_1_297' title='bbox 209 3209 275 3268; x_wconf 83' lang='lat' dir='ltr'>novi</span> <span class='ocrx_word' id='word_1_298' title='bbox 289 3209 367 3270; x_wconf 90' lang='lat' dir='ltr'>nibil.</span> <span class='ocrx_word' id='word_1_299' title='bbox 389 3207 457 3269; x_wconf 88' lang='lat' dir='ltr'>illibi</span> <span class='ocrx_word' id='word_1_300' title='bbox 472 3216 565 3269; x_wconf 90' lang='lat' dir='ltr'>autem</span> <span class='ocrx_word' id='word_1_301' title='bbox 579 3218 609 3270; x_wconf 92' lang='lat' dir='ltr'>et</span> <span class='ocrx_word' id='word_1_302' title='bbox 623 3211 746 3288; x_wconf 90' lang='lat' dir='ltr'>gratiora</span> <span class='ocrx_word' id='word_1_303' title='bbox 757 3217 821 3270; x_wconf 89' lang='lat' dir='ltr'>suut</span> <span class='ocrx_word' id='word_1_304' title='bbox 835 3208 920 3284; x_wconf 78' lang='lat' dir='ltr'>bone,</span> <span class='ocrx_word' id='word_1_305' title='bbox 937 3204 1013 3285; x_wconf 91' lang='lat' dir='ltr'>quod</span> <span class='ocrx_word' id='word_1_306' title='bbox 1024 3223 1089 3284; x_wconf 87' lang='lat' dir='ltr'>per·</span> 
     </span>
     <span class='ocr_line' id='line_1_36' title="bbox 88 3290 944 3374; baseline -0.006 -20"><span class='ocrx_word' id='word_1_307' title='bbox 88 3302 233 3371; x_wconf 82' lang='lat' dir='ltr'>severant,</span> <span class='ocrx_word' id='word_1_308' title='bbox 249 3302 278 3352; x_wconf 91' lang='lat' dir='ltr'>et</span> <span class='ocrx_word' id='word_1_309' title='bbox 292 3291 401 3354; x_wconf 81' lang='lat' dir='ltr'>leuiore</span> <span class='ocrx_word' id='word_1_310' title='bbox 413 3292 600 3372; x_wconf 87' lang='lat' dir='ltr'>incommoda,</span> <span class='ocrx_word' id='word_1_311' title='bbox 616 3293 694 3374; x_wconf 88' lang='lat' dir='ltr'>quod-</span> <span class='ocrx_word' id='word_1_312' title='bbox 705 3291 832 3358; x_wconf 89' lang='lat' dir='ltr'>adsueri.</span> <span class='ocrx_word' id='word_1_313' title='bbox 861 3290 944 3351; x_wconf 88' lang='lat' dir='ltr'>Vale.</span> 
     </span>
    </p>
   </div>
   <div class='ocr_carea' id='block_1_3' title="bbox 0 0 1204 3848">
    <p class='ocr_par' dir='ltr' id='par_1_3' title="bbox 0 0 1204 3848">
     <span class='ocr_line' id='line_1_37' title="bbox 0 0 1204 3848; baseline 0 1"><span class='ocrx_word' id='word_1_314' title='bbox 0 0 1204 3848; x_wconf 95' lang='lat' dir='ltr'> </span> 
     </span>
    </p>
   </div>
  </div>
 </body>
</html>
