2400 3840
362 218 624 281 EPISTULARUM
639 220 675 280 ll.
699 231 801 285 18.19.
829 229 834 237 ‘
1040 220 1080 284 41

71 374 119 451 gis
137 370 251 432 landem
266 388 349 451 quam
363 371 399 431 ad
416 390 506 434 meam
521 374 694 451 pertineret,
718 392 752 434 ac
767 373 821 433 nisi
842 391 960 452 sperare
975 382 1004 433 te
1019 373 1081 433 vel·

72 457 133 517 lem
148 474 242 536 posse
253 455 348 516 fratris
362 457 402 515 tui
416 455 490 516 lilios
505 457 596 536 probe
610 456 733 518 discere.
756 456 840 530 Quod
856 466 1000 537 superest,
1017 473 1106 526 cum3

73 559 177 603 omnes
190 542 238 620 qui
252 539 420 619 profitentur
430 540 557 618 audiero,
574 539 689 620 quidde
702 557 815 620 quoqne
828 546 946 602 sentiam
959 541 1080 601 scribam

74 623 274 703 ciliciamque,
297 634 429 702 quantum
444 632 536 686 tamen
548 623 669 704 epistula
685 628 822 704 consequi
837 638 955 705 potero,
971 635 1001 687 ut
1017 627 1081 704 ipse

50 719 176 770 somnes
191 707 305 768 audisse
321 707 454 768 ridearis.
470 707 573 769 Debeo
589 711 663 769 enim
678 709 740 786 tibi,
759 709 851 769 debeo
862 711 1014 771 memoriae
1026 709 1107 777 ira-4

72 795 127 854 tris
146 793 189 853 tni
210 793 282 852 banc
297 791 397 871 iidem,
417 793 474 853 boc
494 794 632 870 studium,
653 795 821 872 praesertim
841 812 930 873 super
950 802 1025 853 tanta
1038 811 1079 857 re.

74 875 146 937 Nam
163 875 234 954 quid
250 877 341 953 magis
362 879 482 936 interest
501 887 597 937 restra
619 894 702 956 quam
722 886 751 937 ut
772 876 855 937 liberi
871 877 1013 956 (dicerem
1029 878 1079 952 tui,

75 962 130 1021 nisi
146 978 224 1019 nunc
237 959 303 1020 illos
317 961 406 1037 magis
422 964 546 1041 amares)
565 960 641 1038 digni
661 960 711 1020 illo
725 969 823 1040 patre,
838 970 867 1020 te
882 970 982 1041 patruo
997 978 1081 1037 repe·

75 1041 203 1104 riantur?
222 1061 305 1123 quam
321 1062 416 1104 curam
429 1045 495 1104 mibi
503 1090 512 1121 ,
537 1047 620 1104 etiam
634 1046 658 1104 si
672 1063 729 1105 non
743 1045 924 1123 mandasses,
941 1043 1081 1103 vindicas·

44 1128 149 1189 lusam.
170 1126 235 1188 Nec
251 1131 353 1204 ignoro
368 1127 564 1206 suscipiendas
580 1128 702 1188 odensas
717 1132 745 1189 in
762 1129 895 1206 eligendo
911 1136 1108 1208 praecepto-5

76 1229 119 1288 re,
136 1210 191 1273 sed
206 1220 323 1289 oportet
338 1229 384 1272 me
398 1226 455 1271 non
475 1211 560 1271 modo
576 1213 700 1274 offensas
716 1229 813 1272 uerum
828 1215 911 1272 etiam
926 1211 1081 1272 simultates

78 1313 130 1373 pro
144 1295 241 1355 fratris
259 1298 298 1355 tui
312 1294 376 1355 liliis
391 1304 447 1356 tam
463 1312 557 1374 aequo
575 1298 666 1355 animo
682 1298 778 1357 subire
790 1315 872 1375 quam
884 1305 1017 1375 parentes
1030 1311 1083 1373 pro

79 1382 147 1440 suis.
176 1378 259 1439 Vale.

50 1552 74 1606 ,5
520 1511 638 1574 xvim.

358 1609 385 1667 C.
405 1611 529 1664 PLINIUS
548 1611 676 1662 (lliRlALl
695 1611 755 1663 SUO
774 1611 801 1664 S.

140 1712 271 1774 Hortaris
298 1723 329 1773 ut
357 1717 513 1776 orationem
532 1715 630 1775 amicis
651 1713 779 1792 pluribus
799 1715 927 1772 recitem.
960 1712 1109 1790 Faciam,l

84 1799 144 1876 qnia
157 1799 291 1873 hortaris,
307 1801 433 1877 quamvis
447 1799 632 1859 uehementer
647 1797 816 1858 addubitem.
838 1795 941 1876 Neque
956 1800 1029 1856 enim
1039 1807 1111 1858 med

84 1884 219 1959 praeterit
232 1884 360 1942 actiones
378 1900 450 1961 quae
465 1885 620 1944 recitantur
633 1884 768 1960 impetum
779 1898 890 1940 omnem
903 1881 1084 1960 caloremque

49 1961 115 2025 illac
132 1982 227 2044 prope
247 1982 350 2025 nomen
368 1985 448 2025 suum
463 1966 602 2044 perdere,
623 1975 654 2025 ut
670 1985 739 2046 quas
755 1965 865 2027 soleant
888 1965 1085 2025 commendare

83 2048 162 2108 simul
175 2058 205 2109 et
216 2049 375 2110 accendere
390 2049 514 2110 indicum
526 2048 861 2140 consessusqcelebritas
872 2047 1084 2124 aduocatorum,

83 2133 247 2211 expectatio
256 2143 389 2211 euentus,
398 2132 471 2193 lama
481 2150 538 2193 non
550 2133 629 2191 unius
641 2135 756 2208 actoris,
772 2131 971 2208 diductumque
983 2133 1010 2188 in
1023 2149 1085 2208 par·

82 2224 124 2275 tes
144 2215 317 2276 audientium
331 2216 463 2293 studium,
481 2216 587 2276 adhoc
602 2215 722 2276 dicentis
737 2224 848 2293 gestus,
864 2215 1012 2291 incessus,
1029 2214 1084 2274 dis-

84 2317 182 2359 cursus
203 2302 304 2376 etiam,
328 2302 514 2379 omnibusque
534 2299 656 2359 motibus
674 2301 755 2359 animi
779 2306 985 2359 consentaneus
1002 2300 1087 2375 vigor

51 2385 225 2462 boorpons.
258 2383 340 2444 Unde
355 2384 458 2445 accidit
473 2395 503 2445 ut
519 2385 538 2443 ii
554 2385 601 2463 qui
619 2383 753 2444 sedentes
769 2391 871 2460 agunt,
889 2384 1015 2460 quamuis
1029 2382 1112 2448 illisit

83 2469 199 2527 marinna
217 2486 255 2527 ex
276 2477 356 2544 parte
376 2471 520 2546 supersint
540 2467 639 2526 eadem
655 2466 704 2526 illa
724 2485 795 2545 quac
817 2467 971 2543 stantibus,
993 2475 1086 2527 tamen

83 2549 138 2610 hoc
153 2550 232 2629 quod
247 2551 349 2611 sedent
370 2554 449 2629 quasi
471 2551 653 2611 debilitentur
675 2560 705 2610 et
721 2550 920 2628 deprimantur.
953 2550 1112 2611 Beonan-4

69 2635 150 2715 ¹tium
166 2651 239 2693 vero
253 2637 409 2712 praecipua
431 2636 665 2713 pronuntiationis
680 2634 854 2712 adiumenta,
881 2633 955 2694 oculi
978 2652 1085 2709 manus,

84 2716 319 2794 praepediuntur;
345 2736 402 2796 quo
416 2721 507 2779 minus
522 2720 620 2776 mirum
634 2727 690 2795 est,
702 2720 725 2777 si
741 2718 895 2779 auditorum
910 2719 1027 2776 intentio
1042 2734 1087 2774 re·

51 2799 256 2879 iblanguescit,
271 2800 355 2859 nullis
372 2803 550 2862 extrinsecus
564 2811 610 2861 aut
623 2800 818 2861 blandimentis
830 2810 912 2879 capta
923 2809 970 2859 aut
981 2797 1089 2859 aculeis

85 2887 218 2944 excitata.
251 2883 372 2944 Accedit
392 2885 437 2944 bis
462 2884 538 2964 quod
561 2888 651 2944 oratio
672 2884 708 2943 de
729 2902 784 2962 qua
806 2883 910 2962 loquor
925 2901 1040 2961 pugnax
1061 2892 1114 2947 eto

86 2969 265 3028 contentiosa
286 2976 340 3027 est.
374 2967 462 3028 Porro
483 2971 522 3028 ita
543 2978 639 3027 natura
655 2975 846 3044 comparatum
861 2977 905 3027 cst
920 2976 950 3026 ut
966 2985 1000 3026 ea
1017 2986 1089 3047 quae

86 3052 253 3129 scripsimus
276 3069 340 3110 cum
360 3051 459 3112 labore
477 3055 560 3111 etiam
578 3069 641 3110 cum
658 3052 757 3111 labore
775 3051 863 3110 audiri
879 3061 1021 3128 putemus.
1054 3049 1115 3113 Ero

87 3152 153 3197 sane
161 3143 266 3214 quotus
274 3136 394 3212 quisque
409 3145 464 3195 tam
477 3145 574 3195 rectus
591 3135 711 3212 auditor,
724 3153 808 3212 quem
822 3152 878 3194 non
890 3137 984 3212 potius
999 3133 1091 3195 dulcia

53 3217 158 3280 dohaec
173 3226 204 3277 et
218 3221 345 3277 sonantia
357 3237 439 3297 quam
453 3228 565 3279 austera
577 3229 605 3280 et
616 3237 717 3298 pressa
728 3216 893 3279 delectent?
915 3219 967 3280 Est
979 3217 1091 3297 quidem

88 3304 199 3363 omnino
214 3303 305 3378 turpis
319 3304 373 3362 ista
388 3302 540 3380 discordia,
556 3313 601 3363 est
615 3314 708 3364 tamen
720 3320 793 3379 quae
805 3302 972 3381 plerumque
985 3301 1089 3376 evenit,

87 3395 115 3446 ut
127 3384 205 3447 aliud
219 3383 364 3445 auditores
378 3385 454 3445 aliud
470 3387 580 3448 iudices
595 3391 727 3465 exigant,
747 3404 812 3446 cum
831 3386 936 3465 alioqui
951 3386 994 3445 his
1009 3402 1091 3462 prac-

89 3470 170 3549 cipne
185 3467 298 3529 auditor
309 3468 392 3529 adlici
404 3468 507 3529 debeat
518 3471 619 3549 quibus
634 3470 719 3548 idem,
741 3472 765 3531 si
777 3470 853 3530 loret
863 3469 958 3545 iudex,
973 3470 1092 3527 maxime

1113 3568 1146 3622 Ι
