2400 3840
396 205 658 268 EPISTULARUM
672 206 723 267 111.
741 219 769 270 2.
783 217 809 272 3.
1063 207 1104 271 45

96 359 177 440 plum
193 369 238 420 est
258 358 334 419 idem
354 359 508 437 Spurinna:
532 379 595 422 nam
615 360 666 420 ille
686 378 821 440 quoqne,
842 360 936 441 quoad
954 361 1106 425 honestum

96 445 168 521 luit,
184 444 255 504 obiit
270 442 381 520 cilicia,
398 443 490 519 gessit
504 445 701 522 magistratus,
716 446 878 523 provincias
893 446 983 522 rexit,
1003 445 1104 505 multo·
1132 458 1136 463 ·

98 546 155 607 que
170 526 271 587 labore
285 526 342 587 boc
357 528 443 587 otium
453 530 565 589 meruit.
587 526 677 605 Igitur
687 527 808 589 eundern
819 528 885 588 mihi
897 547 1022 607 cursum,
1037 548 1104 589 eun·
1114 533 1147 587 11

99 612 165 672 dem
179 612 330 672 terminum
346 619 451 687 statuo,
466 609 552 689 idque
567 613 621 670 iam
635 630 709 671 nunc
726 611 800 690 apud
815 622 844 672 tc
858 613 1007 692 subsigno,
1024 623 1065 691 ut,
1080 615 1106 674 si

72 695 144 759 ime
160 694 278 773 longius
292 694 377 755 evehi
387 694 504 772 videris,
517 697 545 754 in
559 697 603 755 ius
618 713 708 756 voces
722 696 758 755 ad
768 694 840 755 hanc
852 696 1002 775 epistulam
1015 714 1106 757 meam

98 789 127 839 et
143 781 298 858 quiescere
313 778 425 856 iubeas,
444 795 508 839 cum
524 780 643 840 inertiae
657 780 764 839 crimen
781 780 922 856 effugere.
954 778 1037 841 Vale.

586 961 622 1021 ll.
708 966 712 972 '

56 1118 91 1172 10
379 1061 407 1116 G.
427 1060 553 1114 PLINIUS
569 1061 702 1113 MAXIMO
720 1060 779 1114 SUO
799 1061 826 1115 S.

163 1179 249 1253 Quod
262 1183 327 1260 ipsc
347 1183 444 1242 amicis
465 1183 521 1242 tuis
539 1181 724 1259 obtulissem,
747 1183 771 1241 si
792 1181 858 1241 mihi
877 1180 976 1242 eadem
990 1184 1131 1247 material

99 1273 289 1344 suppeteret,
305 1265 333 1324 id
352 1283 427 1326 nunc
441 1267 504 1326 iure
517 1266 645 1326 videora
659 1276 688 1325 te
706 1267 777 1326 meis
792 1267 943 1345 petiturus.
970 1265 1132 1330 Amianust

98 1348 227 1410 Maturus
240 1347 403 1409 Altinatium
419 1359 464 1410 est
477 1351 629 1429 princeps:
652 1367 715 1408 cum
736 1349 801 1408 dico
821 1351 975 1429 princeps,
996 1366 1053 1410 non
1070 1350 1106 1411 de

99 1432 283 1493 facultatibus
295 1432 415 1511 loquor,
433 1452 505 1512 quae
518 1433 560 1492 illi
571 1434 652 1510 large
664 1441 834 1512 supersunt,
851 1430 903 1492 sed
915 1432 951 1492 de
963 1434 1104 1512 castitate,

56 1517 225 1594 minoida,
240 1518 396 1595 gravitate,
411 1517 568 1595 prudentia.
602 1516 691 1576 liuius
713 1533 770 1592 ego
791 1514 912 1575 consilio
926 1517 954 1574 in
969 1519 1132 1595 negotiis,3

99 1600 207 1661 iudicio
222 1601 251 1660 in
268 1601 368 1662 studiis
381 1611 460 1661 utor:
480 1619 543 1660 nam
555 1600 703 1678 plurimum
720 1599 793 1676 fide,
814 1598 963 1679 plurimum
973 1601 1105 1678 veritate,

99 1684 252 1765 plurimum
264 1684 460 1763 intellegentia
474 1693 610 1764 praestat.
629 1684 712 1744 Amat
721 1701 777 1762 me,
793 1682 861 1743 nihil
874 1701 992 1762 possum
1006 1682 1131 1747 arden-4

99 1770 157 1830 tius
172 1767 282 1846 dicere,
298 1778 328 1829 ut
345 1778 384 1828 tu.
405 1767 490 1830 Caret
504 1769 624 1829 ambitu:
644 1767 709 1828 ideo
727 1788 759 1828 se
776 1769 805 1827 in
820 1769 947 1847 equestri
961 1767 1050 1845 gradu
1064 1777 1106 1828 te·

100 1854 171 1930 nuit,
191 1870 256 1912 cum
273 1851 358 1912 facile
375 1862 476 1932 posset
491 1851 650 1913 ascendere
661 1851 836 1912 altissimum.
868 1851 936 1911 Mihi
952 1861 1046 1912 tamen
1062 1869 1106 1911 or·

56 1935 211 2008 sonandus
227 1934 462 2016 excolendusque
477 1946 531 1998 cst.
555 1935 654 2014 Itaque
668 1938 760 2012 magni
777 1938 895 1995 aestimo
908 1935 1034 2013 dignitati
1046 1937 1133 1996 eiust

100 2019 209 2099 aliquid
224 2018 371 2081 adstruere
386 2022 571 2099 inopinantis,
593 2020 765 2096 nescientis,
783 2021 866 2077 immo
887 2021 970 2078 ctiam
984 2020 1107 2079 fortasse

100 2104 243 2183 nolentis,
267 2102 414 2165 adstruere
429 2114 523 2164 autem
538 2103 614 2180 quod
631 2105 667 2163 sit
683 2101 862 2179 splendidum
876 2119 933 2160 nec
945 2101 1106 2162 molestum.

101 2186 190 2249 Cuius
204 2189 332 2266 generis,
349 2207 421 2267 quae
438 2189 527 2267 prima
542 2188 658 2247 occasio
673 2187 735 2262 tibi,
753 2183 885 2245 conferas
900 2186 928 2243 in
944 2204 1008 2244 eum
1020 2195 1133 2262 rogo;6

99 2271 222 2339 habebis
237 2289 300 2350 me,
324 2271 444 2332 habebis
460 2273 551 2351 ipsum
568 2272 757 2348 gratissimum
775 2269 941 2329 debitorem.
973 2268 1106 2342 Quamvis

57 2376 93 2430 25
102 2358 179 2416 enim
192 2356 247 2416 ista
263 2373 320 2415 non
333 2355 458 2434 adpetat,
475 2364 531 2415 tam
542 2365 623 2433 grate
637 2365 731 2415 tamen
744 2355 851 2432 excipit
865 2369 947 2431 quam
962 2355 986 2414 si
1002 2372 1107 2414 concu-

102 2443 207 2518 piscat.
238 2437 320 2500 Vale.

584 2572 633 2632 111.

253 2669 280 2723 G.
298 2670 424 2722 PLINIUS
442 2671 625 2723 conantius
639 2671 819 2723 HISPULLAE
836 2672 919 2724 SUAE
936 2673 963 2726 S.

59 2800 95 2854 30
167 2787 240 2849 011111
259 2797 369 2867 patrem
390 2799 483 2869 tuum,
508 2791 705 2868 grauissimum
726 2799 756 2850 et
777 2791 984 2851 sanctissimum
1004 2788 1134 2865 virum,l

102 2874 285 2951 suspexerim
298 2874 387 2950 magis
401 2890 436 2932 an
450 2876 600 2935 amaverim
615 2875 740 2935 dubitem
754 2883 841 2951 teque
858 2875 929 2933 etin
945 2873 1109 2931 memoriam

103 2958 166 3017 cius
185 2965 215 3016 et
236 2959 265 3016 in
285 2955 423 3017 honorem
441 2968 518 3018 tuum
538 2960 622 3018 unicc
639 2957 768 3035 diligam,
793 2958 903 3035 cupiam
917 2974 1042 3017 necesse
1063 2965 1108 3017 est

102 3049 190 3119 atque
210 3041 312 3118 etiarn,
334 3043 509 3119 quantumin
524 3060 569 3102 me
590 3042 694 3120 luerit,
717 3042 808 3101 enitar
827 3049 858 3099 ut
878 3038 952 3101 filius
969 3050 1035 3102 tnus
1053 3057 1108 3101 avo

102 3124 203 3185 similis
219 3126 332 3201 existat,
350 3125 483 3202 equidem
494 3123 567 3184 malo
580 3136 722 3187 materno:
738 3134 904 3203 quamquam
917 3123 959 3184 illi
973 3134 1107 3203 paternus

61 3215 95 3269 35
105 3210 191 3269 etiam
207 3206 302 3269 clarus
317 3217 522 3287 spectatusque
542 3212 704 3287 contigerit,
719 3218 802 3287 pater
816 3226 930 3288 quoque
947 3218 976 3270 et
991 3218 1107 3287 patruus

102 3290 216 3352 inlustri
236 3290 319 3352 laude
341 3295 501 3372 conspicui.
532 3291 640 3365 Quibus
663 3294 791 3354 omnibus
813 3295 852 3355 ita
873 3292 985 3354 demum
1007 3290 1132 3352 similist

103 3375 273 3454 adolescet,
295 3377 320 3437 si
337 3376 461 3438 imbutus
474 3377 603 3438 honestis
617 3378 724 3439 artibus
744 3377 849 3457 fuerit,
868 3395 940 3457 quas
958 3374 1118 3451 plurimum

103 3460 196 3520 refert
214 3478 230 3520 a
249 3478 305 3540 quo
318 3463 500 3539 potissimum
515 3464 653 3546 accipiat.
685 3461 890 3526 hdhucilhum
897 3458 1052 3539 pusinnae
1059 3453 1171 3506 aasz
