2400 3840
306 177 570 240 EPISTULARUM
591 179 639 240 Vl.
662 189 707 244 27·
721 191 764 244 28.
780 190 823 245 29.
1014 182 1074 246 127

65 329 208 409 nuntiavi,
225 331 250 390 si
264 347 364 390 rursus
378 340 435 392 tam
449 331 536 393 multa
551 331 728 411 attulissent,
746 335 838 395 omnia
852 333 1002 396 relaturos.
1024 335 1101 403 iti-3

66 433 117 476 ces
137 423 275 494 oportere
296 418 410 477 metuis
430 416 517 476 rebus
536 426 567 477 ut
587 419 658 478 meis
680 420 736 478 uti:
760 419 857 489 etiam;
883 418 936 479 sed
955 420 1074 500 perinde

65 498 121 560 illis
136 517 172 560 ac
186 501 258 561 meis
274 518 372 580 parco.
407 499 488 560 Vale.

45 676 56 728 ⁵
493 633 637 695 xxvmr.

317 731 492 785 uenimus
512 733 687 794 Qunouuuo
706 731 766 784 SUO
787 732 813 783 S.

124 835 244 895 Avidius
267 833 404 915 Quietus,
427 838 475 916 qui
495 855 541 896 me
561 838 646 897 unice
662 835 773 912 dilexit,
791 845 820 897 et
840 853 896 916 quo
912 855 968 897 non
983 839 1072 899 minus
1082 857 1094 908 1

65 918 190 997 gaudeo,
207 919 348 997 probavit,
364 929 394 979 ut
409 919 495 980 multa
509 919 562 980 alia
582 919 725 981 Thraseae
743 919 810 997 (fuit
825 922 899 981 enim
913 920 1072 1000 familiaris)

64 1005 102 1064 ita
116 1004 174 1062 boc
188 1020 278 1082 saepe
292 1003 453 1081 reierebat,
477 1006 645 1083 praecipere
661 1003 775 1066 solitum
789 1005 986 1083 suscipiendas
1005 1023 1072 1065 esse

42 1091 167 1149 tcausas
182 1096 230 1147 aut
245 1088 397 1147 amicorum
416 1096 464 1148 aut
478 1088 626 1149 destitutas
643 1097 690 1148 aut
704 1087 739 1149 ad
751 1087 913 1169 exemplum
928 1089 1071 1168 pertinen-

64 1182 118 1232 tes.
156 1168 214 1232 Gur
225 1173 394 1250 amicorum,
414 1189 471 1231 non
487 1181 556 1250 eget
569 1173 816 1251 interpretatione:
838 1191 888 1233 cur
902 1170 1097 1240 destitutaslu

64 1255 142 1335 quod
157 1254 256 1314 inillis
272 1258 391 1316 maxime
411 1266 440 1316 et
455 1258 612 1317 constantia
625 1258 736 1333 egentis
753 1266 783 1318 et
799 1258 954 1318 humanitas
972 1277 1071 1318 ceme-

63 1349 156 1402 retur:
179 1357 230 1401 cur
253 1341 420 1418 pertinentis
442 1341 477 1400 ad
493 1337 675 1420 exemplum?
699 1343 763 1419 quia
782 1340 931 1419 plurimum
949 1342 1072 1401 referret

63 1424 169 1485 bonum
183 1442 218 1484 an
232 1423 335 1484 malum
347 1423 536 1484 induceretur.
570 1424 616 1485 Ad
632 1423 704 1484 baec
720 1442 776 1502 ego
792 1443 898 1502 genera
914 1438 1097 1502 causarum,3

40 1509 214 1570 tambitiose
229 1507 369 1587 fortasse,
393 1509 491 1569 addam
505 1517 598 1568 tamen
612 1508 702 1569 claras
720 1518 748 1569 et
764 1508 908 1569 inlustres.
940 1509 1071 1588 Aequum

64 1603 109 1655 est
124 1593 200 1652 enim
214 1610 301 1669 agere
321 1610 378 1652 non
399 1610 548 1672 numquam
568 1592 678 1670 gloriae
701 1601 730 1652 et
748 1593 855 1670 famae,
877 1593 906 1653 id
926 1601 971 1653 est
992 1610 1071 1653 suam

64 1694 189 1739 causam.
218 1675 278 1737 llos
294 1679 447 1755 terminos,
464 1679 529 1756 quia
542 1695 588 1737 me
603 1676 781 1754 consuluisti,
797 1676 924 1755 dignitati
938 1694 973 1736 ac
987 1694 1068 1737 vere·

64 1759 184 1821 eundiae
199 1768 264 1820 tuae
281 1770 383 1821 statuo.
411 1761 474 1822 Nec
488 1780 533 1821 me
550 1764 685 1840 praeterit
702 1779 783 1821 usum
799 1771 828 1821 et
844 1779 911 1822 esse
928 1770 956 1821 et
973 1760 1097 1826 haberit

63 1847 200 1923 optimum
215 1845 327 1906 dicendi
341 1847 519 1923 magistrum:
533 1847 618 1906 video
631 1848 714 1907 etiam
724 1844 829 1906 multos
842 1863 931 1924 parvo
943 1847 1069 1923 ingenio,

40 1929 166 1992 alitteris
180 1927 276 2005 nullis,
292 1938 322 1989 ut
337 1929 411 1990 bene
427 1939 544 2007 agerent
556 1930 668 2007 egendo
684 1938 866 1990 consecutos.
890 1928 948 1989 Sed
960 1939 989 1989 et
1001 1929 1096 1994 illude

63 2012 141 2092 quod
158 2012 206 2072 vel
221 2011 346 2074 Polionis
361 2013 409 2074 vol
424 2024 563 2092 tamquam
577 2013 702 2074 Polionis
717 2014 819 2091 accepi
833 2015 1009 2076 verissimum
1021 2031 1069 2072 en·

62 2099 178 2175 perior,
195 2097 357 2157 ‘commode
372 2097 483 2175 agendo
499 2097 604 2158 iactum
619 2106 708 2157 estut
723 2113 811 2173 saepe
830 2113 962 2172 agerem,
982 2113 1069 2173 saepe

63 2180 179 2259 agendo
195 2183 225 2239 ut
241 2182 331 2239 minus
347 2180 529 2241 commode':
545 2182 609 2259 quia
624 2179 736 2240 scilicet
750 2177 916 2240 adsiduitate
932 2180 1014 2238 nimia
1030 2179 1070 2238 ia·

64 2265 159 2328 eilitas
175 2265 265 2341 magis
281 2282 362 2343 quam
376 2263 513 2342 facultas,
535 2282 589 2324 nec
606 2262 707 2324 fiducia
721 2263 773 2324 sed
788 2264 933 2324 temeritas
949 2271 1070 2342 paratur.

40 2347 127 2410 §Nec
142 2365 215 2409 vero
231 2346 350 2408 Isocrati
366 2366 423 2428 quo
436 2350 528 2407 miuus
547 2348 699 2409 baberetur
712 2365 837 2409 summus
857 2356 951 2407 orator
972 2347 1094 2415 odecite

63 2432 140 2514 quod
159 2433 319 2494 infirmitate
340 2433 440 2511 vocis,
462 2431 580 2493 mollitia
593 2432 710 2509 frontis,
733 2449 771 2492 ne
786 2434 815 2492 in
829 2431 945 2510 publico
960 2431 1069 2492 diceret

61 2516 270 2598 inpediebatur.
300 2514 420 2578 Proinde
441 2516 558 2577 multum
577 2516 646 2593 lege
667 2515 762 2577 scribe
785 2515 937 2593 meditare,
957 2525 986 2575 nt
1001 2533 1069 2594 pos·

62 2605 120 2680 sis,
139 2619 204 2661 cum
218 2599 319 2678 voles,
342 2601 452 2671 dicere;
473 2600 570 2679 dices,
595 2619 657 2660 cunr
672 2599 750 2660 velle
766 2600 896 2661 debebis.
930 2598 992 2660 Hoc
1007 2600 1070 2659 iere

62 2693 316 2766 temperamentum
332 2686 397 2764 ipse
411 2687 532 2746 servavi.
561 2683 625 2745 Non
639 2702 788 2763 numquam
797 2685 980 2760 necessitati,
996 2693 1093 2762 quaet

40 2777 130 2851 tpars
152 2770 268 2830 rationis
291 2777 352 2846 est,
375 2772 463 2848 parui.
495 2768 551 2846 Egi
572 2771 646 2829 enim
666 2767 800 2847 quasdam
814 2787 830 2828 a
845 2775 944 2827 senatu
963 2769 1068 2844 iussus,

62 2872 120 2933 quo
135 2863 231 2914 tamen
246 2854 274 2913 in
289 2871 406 2914 numero
422 2854 535 2914 fuerunt
555 2871 593 2913 ex
613 2851 661 2912 illa
676 2851 818 2913 Thraseae
835 2851 991 2928 divisione,
1014 2849 1069 2911 boc

63 2948 109 3000 est
131 2936 167 2998 ad
190 2936 353 3017 exemplum
369 2940 554 3015 pertinentes.
582 2935 669 2997 Adiui
682 2935 806 2996 baeticis
823 2942 920 2994 contra
935 2932 1093 3000 Bnebiumfi

61 3020 201 3084 Massam:
229 3024 386 3099 quaesitum
408 3032 453 3084 est
477 3040 512 3082 an
533 3020 621 3082 danda
642 3029 721 3081 esset
740 3020 898 3099 inquisitio;
927 3017 990 3080 data
1014 3029 1068 3080 est.

62 3105 150 3166 Adfui
166 3125 265 3167 rursus
286 3106 376 3167 isdem
392 3106 576 3187 querentibus
595 3105 631 3165 de
647 3103 773 3166 Caecilio
790 3101 936 3181 Classico:
959 3106 1071 3183 quaesi·

40 3201 125 3255 stum
149 3201 250 3252 estam
272 3191 463 3269 provinciales
489 3200 519 3252 ut
549 3192 647 3251 socios
667 3190 867 3266 ministrosque
887 3188 1069 3267 proconsulis

62 3275 154 3357 plecti
170 3284 333 3354 oporteret;
354 3294 463 3354 poenas
484 3275 604 3334 luerunt.
638 3274 781 3334 Accusavi
799 3270 916 3333 blasium
930 3271 1095 3346 Priscum,9

62 3361 129 3442 qui,
153 3360 222 3436 lege
241 3361 460 3439 repetundarum
482 3357 642 3436 damnatus,
663 3358 794 3418 utebatur
812 3355 962 3418 elementia
982 3356 1068 3433 legis,

62 3447 147 3509 cuius
167 3444 351 3505 severitatem
370 3445 530 3505 inmanitate
553 3443 699 3503 criminum
720 3450 901 3512 excesseram
922 3439 1068 3518 relegatus
