2400 3840
111 189 173 255 268
561 183 593 247 G.
614 183 712 245 PblNl

111 343 211 405 eadem
235 342 393 420 frequentia
414 339 573 419 eademque
597 336 645 398 illa
664 335 807 398 socialitas
826 328 964 393 interest?
994 347 1054 391 non
1071 328 1124 390 tibi

111 443 227 503 semper
248 427 277 484 iu
293 425 387 485 medio
410 424 490 484 cibus
504 430 620 501 semper
660 437 788 481 emensa
804 411 977 477 eommunis?
1011 431 1071 474 non
1087 431 1125 474 ex

113 509 249 568 convictu
265 517 364 568 nostro
379 517 474 568 mutua
489 507 622 585 voluptas
663 521 720 564 non
731 518 871 582 provocas
884 499 1042 577 reddisque
1059 516 1123 558 ser·

111 587 235 651 mones?
257 607 313 650 non
330 593 422 670 ipsum
443 600 556 673 tempus
574 587 719 668 epularum
738 595 861 660 tuarum,
885 601 949 642 cum
971 580 1124 659 frugalitas

112 674 275 752 contrahat,
301 673 430 735 extendit
451 668 628 735 bumaoitas‘l
656 669 721 731 Non
736 671 810 729 enirn
824 676 888 727 ante
906 665 1032 725 medium
1047 664 1147 726 diens

113 756 253 819 distentus
273 758 401 819 solitaria
423 775 494 818 cena
515 764 662 836 spectator
684 753 887 828 adnotatorqua
907 748 1040 809 convitis
1064 749 1122 808 tuis

111 841 249 917 inmioes,
271 859 327 902 nec
348 841 450 902 ieiunis
466 848 496 901 et
511 839 641 900 inanibus
658 837 760 915 plenus
775 838 838 914 ipse
860 842 889 893 et
905 841 1040 908 ructans,
1064 849 1123 890 non

112 932 169 982 tarn
183 923 304 1000 adponis
320 940 403 1002 quam
418 924 509 983 obicis
526 923 608 983 cibos
624 939 697 1000 quos
714 919 876 997 dedigneris
892 918 1051 994 attingere,
1073 933 1122 975 ae·

112 1024 223 1084 greque
235 1024 394 1084 perpessus
406 1007 560 1083 superbam
572 1005 649 1065 illam
663 1005 808 1064 convictus
823 1000 1045 1076 simulationem,
1060 1016 1122 1057 rur·

112 1106 160 1147 sus
172 1097 200 1146 te
212 1086 247 1148 ad
259 1087 461 1148 clandestinam
472 1106 592 1166 ganeam
603 1086 802 1166 occultumque
813 1085 910 1145 luxum
920 1083 1025 1143 refers.
1040 1081 1122 1158 Ergo
1132 1088 1163 1139 lo

112 1186 168 1227 non
187 1186 284 1228 aurum
304 1189 360 1231 uec
377 1180 525 1248 argentum
546 1189 602 1232 neo
623 1172 763 1250 exquisita
783 1169 896 1247 ingenia
914 1184 1049 1227 cenarum
1069 1165 1124 1226 sed

112 1252 279 1311 suavitatem
293 1262 369 1313 tuam
384 1254 643 1332 iucunditatemque
654 1257 800 1331 miramur,
823 1251 926 1330 quibus
941 1249 1022 1310 nulla
1035 1250 1123 1309 satie·

111 1343 156 1394 tas
176 1332 275 1412 adest,
297 1337 411 1415 quaudo
433 1340 546 1398 sincera
566 1339 660 1398 omnia
679 1348 709 1399 et
721 1355 790 1397 reru
810 1344 840 1398 et
858 1344 954 1395 ornata
970 1336 1122 1410 grarime.

110 1413 213 1496 Neque
235 1421 309 1479 enim
330 1428 378 1479 aut
399 1423 571 1499 peregrinae
592 1421 803 1500 superstitionis
824 1419 978 1478 ministeria
1001 1425 1050 1477 aut
1071 1415 1123 1475 ob-

112 1517 217 1561 scaena
232 1502 387 1580 petulantia
400 1507 507 1565 mensis
523 1506 662 1583 principis
677 1506 807 1580 oberrat,
829 1501 882 1563 sed
903 1502 1032 1577 benigna
1049 1501 1165 1560 invi-15

111 1584 180 1642 tatio
197 1594 226 1643 et
241 1584 377 1646 liberales
393 1589 452 1647 ioci
467 1597 497 1647 et
513 1588 669 1649 studiorum
683 1586 783 1647 bonor.
818 1584 887 1646 lnde
903 1583 954 1644 tibi
969 1601 1076 1663 parcus
1094 1593 1126 1644 et

112 1665 210 1724 brevis
225 1682 341 1727 somnus
354 1669 521 1750 nullumque
536 1689 633 1731 amore
647 1673 737 1731 nostri
748 1680 862 1748 tempus
874 1669 1024 1745 angustius
1038 1685 1126 1746 quarn

112 1744 189 1822 quod
203 1747 264 1807 siue
280 1749 363 1808 nobis
377 1754 448 1827 agis.

60 1824 101 1887 50
176 1826 236 1924 Sed
252 1847 315 1888 cum
329 1833 417 1894 rebus
431 1836 487 1895 tuis
503 1844 533 1895 ut
548 1838 703 1915 participes
720 1837 914 1915 perfruamur,
935 1852 1009 1911 quae
1031 1835 1124 1894 habe·

111 1925 172 2006 mus
186 1913 242 2007 rpsi
259 1930 341 1989 quam
358 1919 491 1995 propria,
508 1936 591 1997 quam
604 1930 701 1980 nostra
718 1918 796 1980 sunt!
817 1917 883 1978 Non
897 1918 973 1979 enim
984 1918 1123 1977 exturba·
1133 1925 1166 1977 to

110 2000 148 2089 trs
161 1995 303 2070 prioribus
318 1994 439 2060 dominis
461 2016 545 2061 omne
567 2011 712 2080 stagnum,
740 2019 852 2062 omnem
872 2000 982 2078 lacum,
1008 2018 1126 2062 ornnem

110 2083 193 2169 ettam
205 2076 306 2173 saltum
321 2081 447 2142 inmensa
462 2086 651 2162 possessione
664 2087 872 2161 circumvenis,
888 2086 1041 2145 pecunius
1054 2101 1124 2145 ocu·

108 2153 144 2250 lrs
159 2156 271 2218 flumina
284 2161 380 2224 fontes
395 2167 479 2225 maria
497 2165 671 2228 deserviunt.
693 2167 747 2229 Est
763 2167 839 2247 quod
851 2165 959 2227 Gaesar
970 2186 1030 2227 non
1042 2186 1126 2228 suum

109 2237 220 2332 pudeat,
248 2243 417 2324 tandemque
437 2250 586 2326 imperium
601 2252 737 2330 principis
752 2269 834 2329 quam
850 2251 1052 2328 patrimonium
1065 2270 1125 2311 ma-

109 2335 153 2412 1118ο
170 2329 225 2378 est·
259 2323 349 2420 blulta
369 2330 444 2387 enirn
460 2348 497 2389 ex
513 2333 681 2407 patrimonio
698 2335 789 2395 refert
806 2336 834 2393 in
849 2336 1017 2413 imperium,
1047 2353 1123 2413 quae
1133 2349 1167 2402 25

109 2415 223 2495 bilmas
236 2409 383 2484 prmcipes
398 2414 594 2490 occupabant,
621 2434 678 2475 non
692 2426 723 2477 ut
737 2419 792 2495 ipsi
806 2417 985 2492 fruerentur,
1013 2418 1069 2477 sed
1086 2439 1125 2481 na

21 2518 23 2522 ⁴
109 2479 268 2575 llflssslllls·
290 2485 370 2582 Epgo
384 2492 412 2549 iu
423 2496 547 2569 vestigia
562 2497 706 2576 sedesque
717 2499 855 2559 nobilium
869 2501 1020 2577 inmigrant
1035 2518 1127 2578 pares

109 2558 228 2636 d⁰¹¹¹¹¹¹¹s
250 2581 305 2624 uec
319 2585 373 2627 ram
390 2571 609 2638 clarissimorum
622 2583 747 2640 virorum
760 2583 947 2659 receptacula
960 2582 1127 2646 habitatore

109 2658 195 2700 servo
214 2652 342 2741 teruntur
362 2663 409 2712 aut
429 2654 515 2717 foeda
529 2664 662 2722 vastitate
676 2657 875 2739 procumbunt.
911 2665 1004 2727 Datur
1018 2669 1127 2729 intueri

109 2721 312 2796 pulcherrimas
333 2735 420 2795 aedes
443 2737 560 2801 deterso
576 2746 633 2804 situ
648 2753 746 2805 auctas
760 2765 794 2806 ac
809 2750 954 2824 vigentes.
987 2749 1169 2828 Magnumeo

108 2803 164 2897 boe
179 2813 329 2904 tuumnon
344 2833 413 2892 erga
423 2819 552 2884 homiues
566 2827 651 2886 modo
664 2828 717 2887 scd
729 2847 798 2906 erga
809 2839 887 2891 tecta
901 2834 967 2910 ipsa
977 2835 1127 2913 meritum,

109 2893 212 2942 srstere
225 2904 337 2968 monas,
354 2899 535 2962 solitudinem
550 2908 680 2985 pellere,
696 2912 821 2987 ingentia
838 2931 928 2993 opera
942 2916 1051 2977 eodem
1069 2937 1129 2997 quo

68 3067 70 3073 Ι
110 2970 237 3055 extructa
252 2983 318 3070 sunt
331 2981 423 3039 anino
436 2984 472 3043 ab
487 2987 602 3048 interitu
616 2992 772 3053 vindicare.
803 2995 881 3056 bluta
900 2999 1017 3075 quidem
1031 3001 1083 3062 illa
1099 3010 1131 3062 et

108 3056 197 3100 anama
209 3062 351 3131 carentia,
373 3066 481 3123 sentire
496 3075 588 3129 tamen
603 3082 633 3131 et
648 3072 746 3134 laetari
761 3078 894 3139 videntur
908 3081 990 3158 quod
1004 3086 1117 3145 niteant

108 3121 184 3218 quqd
199 3123 428 3222 frequententur,
444 3148 519 3224 quod
531 3149 682 3228 aliquando
699 3162 850 3236 coeperint
864 3151 937 3224 esse
946 3164 1056 3227 domini
1071 3130 1170 3230 seiles

109 3211 199 3300 entre..
224 3204 431 3283 circumfertur
447 3229 501 3287 sub
514 3236 629 3293 nomine
645 3234 778 3300 Caesaris
794 3243 890 3304 tabula
907 3247 1131 3324 ingeneratum

106 3283 260 3414 {eflllfflmt
284 3311 341 3370 <1¹10
356 3302 387 3360 lit
408 3305 573 3370 detestanda
588 3319 704 3377 avaritia
720 3320 797 3382 illius
813 3328 862 3402 (pri
878 3336 936 3388 tam
949 3329 1040 3391 multa
1057 3351 1130 3393 con.

126 3368 292 3445 UP¹⁸⁰⁰h³ls
310 3393 375 3437 011111
389 3383 509 3450 haberet
523 3410 703 3471 supervacua
718 3410 775 3461 tam
789 3406 886 3468 multa.
909 3409 981 3471 Tum
998 3415 1130 3479 exitialis
