2400 3840
100 166 143 232 as
525 162 558 226 o.
580 162 676 224 rum
1172 118 1176 163 ¹

102 319 192 379 valvis
207 328 319 394 xystum
341 316 517 378 desinentem
538 326 567 378 et
586 317 714 395 protinus
735 324 845 394 pratum
865 314 1043 394 multumque
1060 332 1103 375 ru-
1173 358 1176 365 -

102 406 141 463 ris
156 402 249 478 videt,
270 401 404 462 fenestris
426 400 479 462 hac
496 400 569 461 latus
589 400 665 474 xysti
687 409 716 459 et
732 397 807 479 quod
823 398 938 478 prosilit
951 397 1039 460 villae
1054 398 1104 459 hac
1174 384 1176 463 l

61 486 259 551 condiaconis
285 484 464 564 hippodromi
484 502 583 546 nemus
608 500 762 561 comasque
782 491 963 562 prospectat.
1005 480 1104 543 Gontra
1174 502 1176 569 j

104 570 223 629 mediam
244 567 307 628 lere
321 571 462 648 porticum
478 568 568 628 diaeta
580 566 692 645 paulum
715 565 844 644 recedit,
866 568 957 645 cingit
973 565 1103 644 areolam,
1131 569 1134 576 '

105 672 177 732 quae
192 661 323 732 quattuor
338 652 457 731 platanis
478 651 656 711 inumbratur.
687 650 766 711 inter
786 649 837 710 has
853 667 1015 711 marmoreo
1030 649 1124 714 tabmc

104 754 176 816 aqua
189 736 310 798 exundat
326 739 580 813 circumiectasque
591 734 720 814 platanos
736 742 765 794 et
776 733 907 794 subiecta
919 732 1042 814 platanis
1052 733 1105 794 leui

62 830 95 884 il
106 822 258 900 aspergine
279 820 368 882 louet.
400 818 453 880 Est
473 821 500 878 in
526 818 580 879 hac
605 818 696 878 diaeta
719 818 912 878 dormitorium
935 816 1104 894 cubiculum,

106 905 182 985 quod
198 905 272 966 diem
292 903 442 963 clamorem
465 918 564 961 sonum
582 900 725 979 excludit,
748 902 902 980 iunctaque
921 903 949 962 ei
972 901 1106 963 cotidiam

105 991 258 1049 amicorum
274 987 402 1061 cenatio,
417 1001 489 1062 quae
504 983 626 1044 areolam
641 984 732 1061 illam,
745 985 887 1062 porticum
900 984 986 1045 aliam
1000 985 1105 1046 eadem·

63 1081 163 1150 usque
186 1071 277 1128 omnia
298 1086 370 1146 quae
393 1070 521 1146 porticus
541 1069 654 1146 aspicit.
685 1067 738 1129 Est
758 1077 788 1128 et
810 1067 887 1128 aliud
909 1068 1073 1129 cubiculum
1091 1083 1137 1135 alo

106 1169 241 1232 proxuma
255 1149 368 1230 platano
382 1151 473 1211 viride
490 1161 520 1211 et
535 1153 715 1230 umbrosum,
737 1168 875 1212 marmore
895 1151 1044 1213 excultum
1058 1167 1105 1231 po

107 1235 154 1295 dio
171 1245 266 1312 tenus,
282 1253 337 1295 nec
356 1234 432 1295 cedit
447 1237 554 1313 gratiae
568 1237 714 1297 marmoris
729 1252 822 1295 ramos
833 1235 1053 1316 insidentesque
1066 1252 1105 1295 ra·

64 1321 159 1382 23mis
181 1326 249 1380 aues
270 1319 374 1380 imitata
394 1321 519 1399 pictura:
543 1318 697 1379 lonticulus
719 1321 746 1378 in
761 1318 835 1394 hoc,
861 1320 890 1379 in
906 1319 988 1381 fonte
1005 1328 1105 1386 craten

109 1406 184 1464 circa
199 1402 340 1482 sipunculi
357 1403 455 1483 plmes
469 1406 590 1466 miscent
605 1403 837 1464 iucundissimum
848 1420 982 1464 mmmm.
1005 1402 1038 1464 1n
1048 1418 1106 1463 cor·

107 1490 290 1632 ludiim
311 1487 513 1631 tlthtltt
528 1486 863 1631 ill¹⁰l¹ll⁰l³liillli
881 1488 1024 1632 ttttl
1049 1485 1137 1628 ‘lii

65 1591 242 1714 hlihuhhtri:
253 1589 532 1729 :ehhitacsuhiaceh
548 1589 798 1733 strhpiturihuquc
812 1587 972 1715 iucuhrham.
993 1587 1107 1715 N’ahuex

109 1736 186 1796 edito
202 1735 337 1796 desiliens
352 1753 424 1813 aquo
438 1746 574 1814 suscepta
585 1755 723 1798 marmore
738 1738 869 1798 albescit.
899 1737 981 1799 Idem
997 1739 1107 1800 cubicu-

66 1828 99 1880 25
109 1819 166 1879 lum
182 1817 275 1878 hieme
296 1818 519 1898 tepidissimum,
542 1822 606 1899 quia
619 1821 740 1900 plurimo
755 1820 818 1882 sole
833 1821 1025 1901 perfunditur.
1055 1817 1107 1880 Go-

108 1901 207 1962 haeret
219 1901 433 1982 hypocauston,
455 1913 484 1964 et
506 1905 531 1964 si
552 1904 613 1965 dies
630 1904 761 1983 nubilus,
783 1906 901 1967 inmisso
915 1923 1025 1986 vapore
1041 1903 1141 1969 schsno

107 1987 201 2046 vicem
216 1986 340 2066 supplet.
363 1987 432 2048 Inde
445 1987 641 2067 apodyterium
658 1987 761 2049 balinei
777 1988 871 2048 laxum
885 1989 1020 2051 et'hilare
1034 1989 1106 2049 exci-

108 2072 149 2149 pit
162 2070 236 2133 cella
251 2071 404 2150 frigidaria,
419 2072 447 2131 in
464 2090 518 2151 qua
529 2072 726 2150 baptisterium
740 2072 861 2151 amplum
872 2073 966 2153 adque
980 2086 1106 2153 opacum.

108 2154 139 2213 Si
154 2164 250 2216 natare
266 2155 350 2217 latius
371 2165 418 2214 aut
432 2156 555 2235 tepidius
570 2155 663 2233 nelis,
678 2157 706 2215 in
717 2173 784 2217 area
799 2158 910 2235 piscina
924 2167 988 2237 est,
1002 2159 1032 2218 in
1046 2172 1108 2236 pro·

107 2255 193 2297 numo
208 2247 323 2315 puteus,
340 2256 377 2297 ex
388 2255 445 2315 quo
456 2240 551 2316 possis
565 2257 662 2300 rursus
673 2238 820 2317 adstringi,
835 2242 860 2301 si
871 2243 1017 2320 paeniteat
1030 2251 1108 2320 tepo·

66 2329 100 2384 26
109 2322 157 2379 ris.
181 2318 352 2397 Frigidariae
371 2319 463 2394 cellae
479 2325 638 2382 conectitur
650 2322 756 2402 media,
780 2325 826 2383 cui
846 2324 892 2384 sol
907 2325 1143 2404 benignissimam

109 2410 226 2482 praesto
241 2412 299 2472 est;
326 2401 463 2464 caldariae
479 2407 584 2484 magis:
603 2409 744 2485 prominet
759 2409 843 2466 enim.
875 2406 908 2467 ln
922 2407 977 2471 hac
987 2418 1049 2470 tres
1062 2407 1110 2469 de·

110 2487 291 2564 sconsiones,
307 2486 379 2548 duae
393 2489 421 2547 in
436 2487 510 2567 sole,
527 2491 610 2550 tertia
623 2508 639 2549 a
653 2488 716 2551 sole
731 2490 855 2570 longius,
870 2510 888 2552 a
901 2492 969 2554 luce
983 2510 1040 2554 non
1051 2491 1111 2552 lou·

67 2577 100 2632 27
109 2570 182 2648 gius.
202 2569 381 2649 Apodyterio
392 2575 603 2650 superpositum
619 2582 665 2634 est
678 2572 923 2653 sphaeristerium,
939 2575 1018 2656 quod
1033 2575 1111 2656 plura

109 2672 217 2733 genma
240 2657 452 2716 exercitationis
468 2655 624 2736 pluresque
646 2656 771 2718 circulos
787 2660 873 2738 capit.
900 2658 967 2721 Non
980 2658 1112 2740 procula

108 2739 221 2801 balineo
239 2739 346 2818 scalae,
362 2741 477 2818 quaein
493 2742 735 2819 cryptoporticum
749 2741 854 2820 ierunt,
869 2745 949 2821 prius
959 2744 996 2805 ad
1006 2744 1146 2812 diaetasoo

108 2832 178 2884 tres.
210 2822 314 2883 llarum
333 2823 387 2884 alia
400 2823 514 2883 areolae
529 2824 571 2884 illi
587 2827 616 2884 in
631 2842 685 2903 qua
699 2823 805 2903 platani
816 2835 950 2905 quattuor
962 2827 1018 2890 alia
1031 2835 1111 2908 prato

110 2905 163 2966 alia
177 2908 268 2967 vineis
288 2909 412 2967 imminet
428 2907 611 2987 diversasque
627 2908 699 2968 caeli
714 2917 809 2987 partes
828 2919 860 2970 ut
874 2922 1051 2991 prospectus
1064 2911 1112 2972 ha·

67 2989 169 3052 tabet.
191 2987 224 3049 lu
239 3007 345 3052 summa
360 2992 575 3071 cryptoporticu
591 2990 752 3051 cubiculum
766 3011 803 3053 ex
818 2995 882 3072 ipsa
896 2997 1112 3076 cryptoporticu

110 3075 249 3151 excisum,
266 3074 342 3153 qnod
356 3074 573 3153 hippodromum
586 3076 685 3135 vineas
702 3085 812 3138 montes
826 3079 961 3139 intuetur.
985 3078 1113 3159 Iungitur

101 3157 272 3219 cubiculum
293 3159 406 3219 obvium
420 3157 491 3237 soli,
512 3160 630 3218 mamma
653 3158 781 3220 hiberno.
811 3159 884 3221 Hinc
906 3164 997 3223 oritur
1012 3161 1147 3241 decucat

111 3260 183 3319 quae
203 3241 288 3303 uillae
307 3242 524 3321 hippodromum
541 3241 674 3302 adnectit.
704 3242 783 3304 llaec
805 3244 914 3323 iacies,
939 3245 989 3309 hic
1008 3266 1078 3309 usus
1097 3263 1113 3306 a

68 3324 213 3388 bifronte.
242 3324 374 3386 lllatere
394 3327 502 3387 aestiva
520 3327 749 3405 cryptoporticus
764 3329 792 3387 in
809 3328 886 3389 edito
900 3332 1014 3410 posita,
1041 3347 1113 3411 quac

110 3426 166 3470 non
180 3413 312 3490 aspicere
329 3411 445 3488 vineas,
467 3410 520 3470 sed
534 3419 651 3487 tangere
665 3410 790 3471 videtur:
811 3413 838 3470 in
854 3412 947 3475 media
961 3413 1113 3477 triclinium
