2400 3840
111 87 153 151 ΟΞ
537 83 570 145 0.
590 81 687 144 PblNl

113 238 202 319 qualis
218 256 285 298 esse
301 237 406 297 debeat
427 237 563 314 princeps
583 234 731 314 pulchrum
752 233 877 313 quidem,
894 236 948 296 sed
965 254 1114 300 onerosum

111 340 145 382 ac
160 338 253 402 prope
273 322 427 401 superbum
449 327 509 395 est,
531 318 645 380 laudare
666 334 736 378 vero
758 321 894 397 optimum
909 321 1114 399 principemus

112 425 164 485 per
179 405 233 466 hoc
247 406 372 484 posteris
387 403 466 464 velut
481 421 497 463 e
514 402 632 483 specula
648 402 742 462 lumen
758 402 835 482 quod
849 413 1007 482 sequantur
1021 415 1114 466 osteu-

86 490 181 553 odere
196 488 269 548 idem
284 489 410 550 utilitatis
424 488 527 564 habet,
554 487 734 564 adrogantiae
748 486 826 547 nihil.
860 485 935 567 Cepi
952 498 1046 551 autem
1061 505 1115 549 nou

111 571 282 632 mediocrem
297 573 470 653 voluptutem
485 571 579 651 quod,
595 571 669 631 huno
684 569 786 630 librum
802 587 865 631 cum
879 574 981 633 amicis
995 575 1134 637 recitaret

111 655 284 736 voluissem,
301 674 356 717 non
372 674 426 735 per
439 654 604 733 codicillos,
621 672 677 715 non
693 672 747 733 per
762 653 893 732 libellos,
917 656 970 716 sed
986 659 1024 719 ‘si
1040 675 1113 718 oom-

110 740 233 801 modum'
258 751 287 802 et
308 745 344 802 ‘si
363 739 447 800 valde
474 743 600 800 vacaret'
623 738 753 798 admoniti
776 741 939 818 (numquam
960 757 1049 820 porro
1069 749 1113 802 aut

110 824 193 885 valde
215 833 298 885 vacat
319 824 428 883 llomae
448 831 495 883 aut
517 821 695 883 commodum
721 830 766 881 est
792 821 891 883 audire
914 825 1110 904 recitantem),

110 907 283 969 foedissimis
305 909 422 984 insuper
441 907 672 984 tempestatibus,
694 923 748 985 per
768 905 883 967 biduum
905 918 1109 986 convenerunt,

111 1008 231 1068 eumque
245 988 383 1049 modestia
398 1006 460 1049 mea
471 989 554 1048 linem
565 991 722 1049 recitationi
734 989 831 1050 lacere
843 989 997 1071 voluisset,
1013 1001 1044 1053 ut
1054 992 1107 1052 adi-
1118 996 1143 1048 to

83 1090 204 1141 seerem
224 1075 334 1132 tertium
355 1071 429 1132 diem
451 1081 615 1149 exegerunt.
646 1071 716 1133 lllihi
736 1073 810 1134 huuc
831 1073 970 1135 bonorem
989 1076 1110 1139 habitum

109 1166 208 1236 putem
221 1175 256 1217 an
271 1152 392 1218 studiis?
407 1156 507 1216 studiis
523 1155 615 1234 malo,
640 1174 713 1236 quae
728 1173 820 1237 prope
835 1159 960 1221 extincta
977 1160 1108 1221 releven-

82 1251 161 1310 stur.
192 1239 237 1301 Ad
258 1243 303 1301 cui
324 1242 459 1302 materiae
478 1240 550 1301 hano
569 1241 746 1302 sedulitatem
759 1239 984 1319 praestiterunt?
1008 1261 1108 1323 nempe

108 1344 190 1407 quam
204 1327 234 1387 in
249 1336 348 1388 senatu
364 1343 497 1405 quoque,
521 1325 568 1385 ubi
581 1326 693 1405 perpeti
708 1341 830 1386 necesse
844 1334 920 1403 crat,
942 1330 1056 1405 gravari
1071 1338 1108 1388 ta·

108 1429 171 1471 men
185 1409 232 1470 vel
247 1420 353 1491 puncto
367 1411 504 1489 temporis
525 1408 705 1485 solebamus,
728 1408 847 1469 eandem
860 1427 936 1469 nunc
956 1419 987 1472 et
1003 1415 1051 1492 qui
1064 1418 1141 1471 ιιι-15

108 1497 195 1554 citare
218 1503 247 1552 et
268 1496 316 1572 qui
336 1491 432 1553 audire
453 1493 545 1552 triduo
566 1492 655 1552 vellat
674 1493 869 1570 inveniuntur,
894 1511 952 1554 aon
967 1497 1035 1574 quie
1050 1494 1107 1558 elo·

108 1578 240 1653 quentius
258 1593 339 1653 quam
355 1577 449 1653 prius,
472 1574 524 1635 sed
542 1577 608 1653 quia
622 1575 756 1652 liberius,
779 1575 903 1655 ideoque
919 1580 1006 1639 etiam
1020 1579 1107 1641 liben-

81 1661 162 1721 ‘ltius
185 1659 325 1717 scribitur.
356 1657 485 1716 Accedet
507 1675 577 1736 ergo
598 1659 654 1718 hoc
677 1675 792 1739 quoque
819 1657 950 1721 laudibus
972 1665 1106 1742 principis

106 1742 212 1818 nostrl,
235 1740 311 1820 quod
330 1759 378 1801 res
392 1751 473 1801 antea
492 1751 548 1805 tam
563 1744 652 1804 invisa
667 1760 750 1821 quam
764 1742 836 1805 falsa
850 1763 926 1805 nuuc
941 1754 972 1805 ut
986 1765 1055 1807 vera
1070 1748 1106 1807 ite
1126 1779 1131 1791 ·

80 1824 234 1887 domabilis
249 1825 323 1885 lacta
338 1835 391 1887 est.
419 1825 477 1885 Sed
492 1842 548 1903 ego
564 1844 627 1887 cum
642 1826 763 1887 studium
777 1827 950 1888 audientium
963 1839 1024 1890 tum
1038 1828 1141 1889 iudi-tl

107 1910 181 1970 cium
194 1912 264 1970 mire
278 1911 410 1989 probavi:
431 1909 613 1971 animadverti
627 1913 701 1970 enim
716 1913 897 1972 severissima
913 1931 1047 1993 quaeque
1058 1913 1106 1974 uel

80 1997 223 2056 9mauime
246 1995 422 2056 satisfacere.
453 1993 566 2055 Memini
590 1994 703 2073 quidem
717 2013 764 2055 me
783 2012 839 2054 non
852 1994 952 2057 multis
968 2001 1104 2059 recitasse

105 2079 181 2157 quod
197 2080 324 2140 omnibus
339 2081 452 2156 scripsi,
470 2078 556 2139 nihilo
571 2081 661 2140 minus
676 2087 784 2154 tamen,
801 2089 941 2156 tamquam
955 2083 994 2144 sit
1008 2081 1109 2143 eadem

105 2164 226 2221 omnium
242 2162 334 2239 lutura
348 2163 497 2232 sententia,
513 2161 565 2221 hac
580 2163 854 2223 severitate-aurium
866 2161 968 2241 laetor,
985 2167 1104 2227 sesicut

106 2242 173 2302 olim
188 2244 296 2303 theatra
310 2243 383 2302 male
397 2245 523 2304 musicos
539 2261 642 2305 canere
654 2245 820 2322 docueruut,
837 2248 876 2306 ita
889 2265 964 2307 nuno
979 2251 1009 2309 in
1024 2251 1139 2328 spensti

104 2325 231 2386 adducor
244 2342 332 2404 posse
348 2327 409 2385 lieri
425 2335 455 2386 ut
469 2327 567 2387 eadem
581 2330 688 2390 theatra
705 2330 780 2390 bene
795 2348 898 2390 cauere
913 2334 1041 2395 musicos
1056 2332 1105 2392 do·

63 2421 95 2472 10
105 2419 197 2469 ceant.
220 2408 325 2469 Omnes
342 2411 416 2468 enim
431 2413 479 2489 qul
493 2411 622 2491 placendi
638 2431 723 2474 eausa
736 2413 863 2474 scribunt
880 2415 973 2495 qualia
987 2417 1105 2496 placere

101 2493 224 2553 viderint
244 2493 378 2552 scribent.
412 2492 456 2552 Ac
471 2495 539 2555 mibi
555 2497 668 2576 quidem
683 2496 794 2557 conlido
810 2498 909 2567 inhoc
923 2517 1035 2577 genere
1048 2517 1103 2560 ma·

100 2581 189 2640 terias
212 2577 338 2639 laetioris
360 2577 416 2637 stili
438 2589 572 2641 constare·
591 2583 744 2657 rationem,
767 2599 886 2642 cumea
911 2585 1008 2661 potius
1031 2602 1103 2664 quae

100 2666 229 2744 pressius
245 2671 274 2724 et
289 2660 451 2723 adstrictius
474 2681 557 2742 quam
577 2665 625 2726 illa
645 2682 717 2743 quae
739 2663 854 2726 hilarius
876 2675 905 2725 et
927 2670 1010 2746 quasi
1025 2660 1140 2728 exul-3⁰

99 2751 201 2810 tautius
223 2748 327 2826 scripsi
347 2748 457 2824 possint
478 2749 569 2809 videri
588 2749 729 2812 accersita
751 2756 780 2808 et
803 2749 931 2811 inducta:
947 2758 1016 2811 'non
1036 2752 1102 2812 ideo

99 2840 192 2891 tamen
214 2833 331 2908 segnius
352 2848 457 2908 precor
477 2842 508 2893 ut
536 2833 704 2910 quandoque
724 2833 819 2893 veniat
840 2833 902 2896 dies
924 2834 1103 2914 (utinamque
1181 2904 1183 2913 γ

98 2915 151 2973 iam
165 2914 305 2993 veneritl)
323 2931 379 2993 quo
395 2918 516 2976 austeris
534 2916 589 2977 illis
611 2918 779 2994 severisque
795 2915 886 2978 dulcia
900 2918 973 2978 baec
988 2918 1102 2979 blanda·

60 3009 155 3077 uque.
172 2995 220 3057 vel
240 2999 312 3059 iusta
332 3001 521 3078 possessione
542 2999 690 3065 decedant.
721 3000 817 3061 Habes
840 3011 904 3062 acta
924 3020 989 3063 mea
1003 3001 1101 3071 tridui;

98 3082 200 3160 quibus
217 3084 337 3161 cognitis
353 3080 431 3142 volui
453 3091 558 3144 tantum
572 3093 600 3144 ts
616 3084 769 3163 voluptatis
785 3083 933 3145 absentem
948 3096 978 3149 et
992 3087 1138 3148 studiott

96 3183 156 3223 rum
171 3168 283 3226 nomine
299 3175 327 3226 et
340 3182 405 3226 meo
428 3183 547 3247 capere,
571 3179 702 3247 quantum
723 3186 861 3246 praesens
877 3171 1032 3252 percipere
1047 3187 1098 3251 po·

96 3248 210 3308 luisses.
243 3249 324 3311 Vale.

64 3476 121 3690 t
