2400 3840
298 198 560 262 ttt’lsTUtAltUtt
571 199 662 262 villi.
675 211 716 266 ro.
729 211 774 267 17.
787 212 830 266 us.
841 211 885 267 19.
1037 200 1099 266 185

539 351 657 413 XVIIII.

380 464 407 515 G.
428 464 553 516 PLINIUS
572 465 690 518 RUSONI
707 466 768 519 SUO
787 465 814 520 S.

154 600 304 678 SIgnilicas
321 599 432 678 legisse
449 603 520 663 tein
539 600 657 683 quadarn
677 603 799 683 epistula
813 621 877 664 mea
890 605 1010 666 iussisse
1025 603 1120 670 Ver-1

67 684 201 766 sginium
213 684 318 744 Rufum
332 685 448 746 inscribi
463 685 599 766 sepulcro
614 704 679 764 suo,

199 767 254 829 llic
268 769 339 830 situs
356 778 401 830 est
413 768 522 847 Rufus,
538 769 623 850 pulso
638 771 686 851 qui
699 770 817 831 Vindice
832 771 973 851 quondam

240 853 387 931 imperium
400 852 527 914 adseruit
539 871 596 914 non
610 855 664 915 sihi
679 853 731 914 sed
745 856 861 933 patriae.

91 935 292 1016 Reprehendis
320 937 396 1016 quod
422 939 554 1016 iusserit,
585 937 664 999 addis
693 939 777 998 etiam
801 938 903 999 melius
932 939 1098 1017 rectiusque

91 1017 272 1098 Frontinum,
289 1019 366 1100 quod
380 1023 503 1082 vetuerit
519 1023 631 1082 omnino
646 1030 856 1083 monumentum
872 1022 928 1083 sihi
944 1022 1023 1100 lieri,
1039 1041 1097 1083 me·

49 1120 85 1172 10
93 1122 149 1182 que
164 1103 199 1164 ad
215 1112 370 1164 extremum
385 1105 452 1184 quid
467 1104 503 1166 de
515 1115 637 1185 utroque
652 1107 771 1168 sentiam
786 1107 922 1167 consulis.
942 1105 1124 1185 Utrumqueh

93 1187 198 1264 dilexi,
214 1189 328 1247 miratus
343 1205 405 1248 sum
419 1190 509 1266 magis
525 1207 609 1268 quem
625 1199 656 1250 tu
668 1189 872 1270 reprehendis,
889 1190 984 1269 adque
996 1191 1034 1250 ita
1048 1191 1097 1248 mi·

91 1282 169 1333 ratus
187 1282 216 1334 ut
237 1289 294 1331 non
309 1281 434 1350 putarem
451 1275 519 1335 satis
539 1291 671 1353 umquam
691 1292 780 1354 posse
798 1273 905 1335 laudari
928 1276 1008 1334 euius
1022 1292 1097 1332 nunc

91 1356 160 1416 mihi
174 1355 320 1417 subeunda
337 1355 468 1418 defensio
488 1366 541 1418 est.
574 1357 679 1418 Omnes
701 1376 758 1435 ego
778 1360 825 1437 qni
847 1376 978 1436 maguum
992 1356 1123 1434 aliquid3

92 1439 360 1519 memorandumque
376 1439 506 1500 lecerunt
521 1458 578 1500 non
597 1440 682 1503 modo
699 1443 783 1501 venia
798 1459 896 1501 verum
914 1442 998 1501 ctiam
1014 1439 1097 1499 laude

49 1536 83 1588 15
94 1524 276 1602 dignIssimos
291 1524 404 1601 iudico,
426 1525 450 1585 si
473 1525 708 1586 Immortalitatem
732 1543 815 1604 quam
833 1542 963 1584 meruere
985 1531 1097 1584 sectan-

93 1616 138 1669 tur
152 1611 313 1687 victurique
327 1609 448 1669 nominis
463 1608 563 1668 lamam
578 1611 719 1688 supremis
734 1611 818 1670 etiam
836 1607 925 1670 titulis
940 1625 1097 1688 prorogare

91 1693 225 1752 nituntur.
258 1690 321 1752 Neo
344 1691 429 1752 facile
451 1710 620 1772 quemqnam
640 1695 696 1754 nisi
709 1693 872 1770 Verginium
887 1694 1000 1753 Invenio
1017 1693 1124 1751 cuiust

92 1784 169 1836 tanta
184 1777 212 1835 in
230 1775 421 1855 praedicando
444 1776 617 1838 verecundia
632 1786 733 1855 quanta
748 1777 839 1854 gloria
856 1795 893 1838 ex
909 1776 995 1836 iacto.
1028 1774 1123 1854 lpse5

92 1878 156 1921 sum
171 1861 265 1938 testIs,
282 1858 458 1920 lamiliariter
470 1859 504 1920 ah
520 1878 556 1920 eo
572 1860 694 1922 dilectus
710 1861 915 1940 probatusque,
933 1859 1023 1920 semel
1039 1876 1098 1919 om·

48 1945 159 2005 tonino
175 1961 221 2002 me
235 1943 366 2004 audiente
380 1952 549 2024 provectum
566 1954 596 2004 ut
611 1945 748 2006 derebus
764 1946 821 2006 suis
838 1945 894 2004 hoc
908 1961 994 2004 unum
1007 1942 1098 2003 reler-

90 2037 147 2104 ret,
163 2028 202 2088 ita
214 2044 312 2089 secum
326 2026 477 2107 aliquando
490 2026 621 2088 Cluvium
638 2026 763 2089 locutum
780 2030 862 2106 escis,
878 2026 1007 2106 Vera-dni,
1025 2044 1098 2104 quae

91 2112 227 2173 historiae
245 2110 316 2172 lides
330 2111 483 2172 debeatur:
499 2111 618 2190 proinde
630 2115 654 2172 si
670 2112 736 2190 quid
753 2114 781 2170 in
797 2112 921 2171 historiis
935 2112 1006 2170 mels
1022 2109 1097 2186 legis

91 2195 175 2256 aliter
198 2213 231 2255 ae
250 2195 340 2272 uelis,
373 2213 445 2273 rogo
468 2196 624 2273 ignoscas’.
657 2194 701 2254 Ad
722 2194 779 2256 hoc
799 2194 848 2255 ille
873 2198 953 2254 ‘tune
971 2196 1096 2271 ignoras,

93 2277 190 2358 Cluvi,
207 2278 272 2340 ideo
287 2298 333 2339 me
348 2278 454 2340 iecisse
474 2278 551 2359 quod
565 2279 645 2356 leci,
655 2289 685 2340 ut
700 2289 780 2340 esset
793 2279 912 2339 liberum
927 2277 1010 2337 vohis
1027 2277 1097 2337 scri·

47 2371 83 2424 at
92 2363 164 2424 here
184 2380 256 2443 quae
271 2360 437 2424 libuisset’i
455 2363 521 2442 Age
536 2363 612 2441 dum,
630 2363 706 2423 hunc
720 2365 812 2443 ipsum
826 2361 988 2423 Frontinum
1001 2362 1028 2420 in
1041 2360 1123 2420 hoco

92 2448 157 2527 ipso
175 2449 275 2526 inquo
293 2447 343 2507 tihi
359 2449 473 2526 parcior
485 2447 597 2509 videtur
611 2456 641 2508 et
661 2449 790 2528 pressior
804 2462 1008 2525 comparemus.
1041 2443 1098 2504 Ve-

92 2533 146 2593 tuit
162 2532 272 2592 exstrul
287 2532 502 2592 monimentum:
522 2533 576 2594 sed
591 2532 694 2612 quibus
712 2528 831 2592 verhIs?
853 2532 986 2608 ‘inpensa
1000 2546 1098 2589 monu-

92 2615 182 2674 menti
198 2631 376 2692 supervacua
391 2623 450 2676 est:
472 2618 607 2677 memoria
626 2618 716 2677 nostri
739 2616 864 2693 durabit,
880 2616 905 2675 si
919 2614 977 2674 vita
995 2614 1098 2671 merui·

92 2702 179 2758 mus!
210 2698 257 2758 An
270 2700 431 2759 restrictius
450 2701 594 2761 arbitraris
610 2719 664 2780 per
681 2700 780 2760 orhem
794 2709 930 2759 terrarum
945 2695 1099 2774 legendum

48 2791 84 2846 30
93 2781 162 2842 dare
175 2781 332 2842 duraturam
345 2785 509 2844 memoriam
524 2801 602 2845 suam
617 2801 699 2862 quam
715 2801 771 2843 uno
786 2785 814 2842 in
827 2783 895 2843 loco
911 2781 1021 2840 duobus
1033 2797 1099 2838 rer·

93 2865 194 2927 siculis
211 2866 324 2943 signare
346 2866 423 2945 quod
445 2864 575 2928 leceris?
598 2865 770 2944 Quamquam
785 2882 842 2925 non
857 2863 949 2923 haheo
965 2864 1123 2940 proposi-i

92 2959 151 3010 tum
167 2948 247 3009 illum
259 2950 506 3028 reprehendendi,
529 2950 581 3010 sed
597 2949 671 3009 hune
686 2948 798 3009 tuendi:
816 2948 896 3008 cuius
913 2963 986 3024 quae
1000 2954 1099 3025 potest

93 3034 169 3113 apud
184 3043 214 3094 te
229 3036 330 3093 iustior
346 3051 413 3095 esse
436 3032 582 3111 defensio,
605 3050 688 3112 quam
704 3050 741 3093 ex
760 3029 920 3092 conlatione
935 3030 998 3091 eius
1014 3046 1097 3109 quem

93 3114 276 3198 praetulisti?
306 3116 374 3178 hleo
395 3117 510 3197 quidem
530 3117 634 3178 iudicio
658 3124 761 3177 neuter
782 3113 952 3193 culpandus,
980 3123 1124 3192 quorum8

49 3210 216 3281 douterquc
231 3200 265 3260 ad
281 3200 401 3278 gloriam
416 3203 477 3279 pari
494 3201 664 3280 cupiditate,
685 3199 799 3260 diverso
819 3200 919 3259 itinere
942 3196 1098 3274 contendit,

93 3285 183 3363 alter,
208 3285 272 3345 dum
294 3287 404 3363 expetit
426 3284 538 3347 debitos
561 3282 787 3364 titulos,alter,
808 3283 873 3343 dum
887 3281 992 3344 mavult
1009 3280 1100 3340 videri

95 3370 313 3448 contempsisse.
344 3368 426 3430 Vale.
