2400 3840
133 179 176 242 30
560 174 592 237 G.
613 176 710 238 PllNl
773 233 776 237 ,

133 343 163 394 et
179 332 262 391 nobis
276 330 433 405 invidebis,
455 330 505 389 tibi
519 330 639 390 maxima
654 328 753 404 laude,
776 329 860 389 nobis
874 327 1048 409 voluptate?
1074 329 1136 390 Sine

134 434 187 494 per
202 432 250 475 ora
264 413 406 473 hominurn
422 414 547 475 ferantur
556 413 704 491 isdemque
717 413 818 491 quibus
829 411 926 490 lingua
937 412 1065 475 Romana
1076 432 1137 493 spa·

134 501 180 559 tiis
202 508 403 577 pervagentur.
436 495 538 576 lingna
558 507 587 558 et
609 498 663 556 iam
683 497 768 573 longa
784 498 948 575 expectatio
966 507 1032 575 est,
1059 515 1137 577 quam

108 583 262 647 afrustrari
281 580 373 641 adhuc
389 590 418 641 et
439 581 554 641 differre
575 598 631 640 non
649 578 748 641 debes.
777 577 957 641 Enotuerunt
973 581 1087 660 quidam
1099 583 1136 642 tui

132 685 234 727 versus
252 673 281 725 et
295 666 383 726 invito
398 676 427 726 te
445 664 567 726 claustra
582 681 633 726 sua
649 663 840 741 refregerunt.
870 662 931 725 llos
947 667 1002 726 nisi
1019 665 1156 733 retrahite

132 752 159 808 in
177 767 292 828 corpus,
309 749 479 828 quandoque
494 760 525 810 ut
544 765 663 809 errones
679 746 803 827 aliquem
820 749 901 808 cuius
916 747 1048 810 dicantur
1062 751 1136 810 inve·

107 836 218 898 dnient.
247 832 327 894 Habe
348 843 413 894 aute
429 831 531 893 oculos
546 831 761 908 mortalitatem,
783 848 800 890 a
815 849 870 910 qua
884 830 1023 894 adserere
1037 842 1069 894 te
1082 832 1135 892 hoc

130 936 191 981 uno
203 920 377 978 monimento
399 924 501 995 potes:
523 933 586 975 nam
604 925 701 976 cetera
721 914 832 992 fragilia
849 925 879 975 et
894 915 1003 977 caduca
1016 933 1075 977 non
1089 918 1135 976 mi·

132 1022 184 1063 nus
200 1019 282 1080 quarn
296 1002 351 1078 ipsi
367 999 497 1059 homines
513 998 647 1059 occidunt
663 996 860 1078 desinuntque.
878 998 981 1076 Dices,
998 1010 1029 1060 ut
1046 999 1133 1078 soles,

105 1087 225 1148 5‘amici
236 1085 292 1143 mei
302 1081 445 1142 uiderint’.
470 1080 545 1161 Opto
557 1081 690 1161 equidem
701 1083 808 1144 amicos
822 1082 873 1143 tibi
883 1091 940 1142 tam
951 1082 1067 1163 fideles,
1083 1094 1166 1151 tauto

133 1167 270 1243 eruditos,
286 1174 341 1225 tam
358 1166 530 1244 laboriosos,
545 1174 575 1225 ut
591 1175 696 1226 tantum
712 1184 797 1227 curae
811 1167 1036 1246 intentionisque
1047 1170 1134 1229 susci·

133 1269 205 1330 pere
223 1260 252 1311 et
270 1252 381 1329 possint
396 1259 425 1310 et
445 1248 552 1327 velint,
576 1249 628 1311 sed
645 1248 805 1329 dispicere
821 1252 858 1310 sit
873 1252 1134 1333 parumprovidmn

106 1346 250 1414 esperare
271 1352 308 1394 ex
327 1333 389 1395 aliis
406 1333 483 1413 quod
503 1334 554 1394 tibi
570 1335 633 1413 ipse
654 1351 711 1393 non
730 1344 870 1412 praestes.
901 1333 940 1395 Et
958 1335 995 1395 de
1013 1335 1133 1396 editione

133 1420 247 1498 quidem
262 1420 373 1481 interim
387 1429 417 1480 ut
432 1418 531 1479 voles:
547 1420 637 1479 recita
654 1417 766 1495 saltem,
784 1434 841 1497 quo
852 1419 943 1495 magis
953 1417 1043 1480 libeat
1057 1421 1133 1480 emit·

130 1515 210 1582 tere,
227 1513 315 1583 utque
330 1503 443 1564 tandem
459 1504 603 1581 percipias
618 1500 767 1581 gandium,
784 1501 862 1580 quod
877 1519 936 1578 ego
953 1501 1022 1563 olim
1039 1521 1091 1583 pro
1106 1512 1164 1567 teu

105 1595 121 1650 l
129 1605 185 1647 uon
200 1597 311 1647 temere
325 1603 488 1666 praesumo.
509 1584 651 1662 imaginor
665 1587 740 1645 enim
755 1587 803 1666 qui
819 1603 986 1665 concursus,
1004 1606 1077 1666 quae
1089 1587 1132 1647 ad·

130 1673 240 1730 miratio
255 1680 296 1747 te,
312 1672 359 1748 qui
372 1670 489 1746 clamor,
507 1668 583 1747 quod
598 1670 682 1729 etiam
696 1668 839 1730 silentium
852 1680 979 1739 maneat;
996 1688 1053 1750 quo
1066 1688 1131 1749 ego,

132 1771 196 1813 cnm
212 1754 276 1813 dico
293 1752 341 1813 vel
362 1755 472 1831 recito,
495 1770 551 1813 non
572 1754 663 1832 minus
681 1771 764 1832 quam
786 1752 910 1814 clamore
928 1753 1078 1835 delector,
1099 1756 1132 1815 sit

130 1837 215 1896 modo
231 1835 373 1898 silentium
387 1855 454 1897 acre
466 1845 496 1897 et
509 1838 646 1898 intentum
661 1846 691 1897 et
703 1837 835 1914 cupidum
846 1837 982 1899 ulteriora
993 1838 1130 1901 audiendi.

18 1980 24 1991 x
104 1920 192 1985 8Hoc
203 1921 297 1980 lruotu
311 1930 400 2000 tanto,
416 1932 473 1982 tam
487 1930 586 2001 parato
602 1919 701 1982 desine
717 1920 809 1982 studia
819 1929 866 1982 tua
876 1921 982 1982 infinita
996 1925 1051 1984 ista
1066 1933 1166 1985 cun-tt

131 2006 254 2066 clatione
269 2005 415 2076 fraudare;
434 2024 507 2084 quae
523 2023 587 2066 curn
601 2004 714 2064 modum
729 2004 854 2083 excedit,
870 2005 1029 2066 verendum
1043 2017 1088 2068 est
1098 2025 1132 2066 nc

127 2092 247 2151 >inertiae
265 2099 294 2151 et
305 2090 431 2152 desidiae
445 2088 493 2150 vel
511 2091 595 2150 etiam
609 2089 764 2156 timiditatis
781 2105 885 2150 nomen
899 2091 1031 2170 accipiat.
1053 2089 1131 2152 Vale.

602 2220 653 2282 Xl.

401 2321 428 2375 c.
448 2319 574 2372 rutulus
589 2322 736 2374 numano
755 2322 815 2375 suo
833 2321 858 2376 s,
1138 2348 1167 2404 ,5

14 2432 18 2443 ·
102 2436 121 2490 1
190 2422 272 2483 Solet
289 2440 357 2483 esse
372 2421 475 2500 gaudio
492 2424 560 2501 tibi,
574 2425 787 2504 siquid-actum
802 2434 847 2486 est
862 2426 890 2483 in
904 2433 1005 2484 senatu
1021 2425 1134 2502 dignum

129 2507 228 2570 ordine
249 2504 308 2566 illo.
342 2504 476 2580 Quamvis
497 2508 572 2568 enim
588 2510 692 2587 quietis
710 2527 806 2571 amore
831 2510 1007 2586 secesseris,
1030 2508 1133 2569 insidet

128 2602 222 2652 tamen
237 2593 329 2651 animo
345 2599 395 2651 tuo
416 2592 570 2654 maiestatis
584 2593 718 2672 publicas
734 2611 809 2653 cura.
842 2593 954 2671 Accipe
969 2610 1042 2670 ergo
1058 2590 1133 2671 quod

128 2694 182 2755 per
196 2674 250 2736 hos
266 2676 327 2736 dies
338 2684 432 2736 actum
445 2685 502 2755 est,
519 2694 660 2756 personae
672 2676 799 2739 claritate
814 2675 964 2752 famosum,
977 2678 1133 2737 seueritate

101 2760 252 2840 texempli
269 2760 401 2838 salubre,
424 2762 467 2820 rei
488 2761 678 2838 magnitudine
701 2770 856 2822 aeternum.
888 2758 994 2820 lilarius
1016 2759 1168 2822 Priscusio

127 2846 326 2907 accusantibus
342 2845 431 2922 Afris,
448 2845 549 2923 quibus
564 2862 617 2924 pro
630 2844 749 2906 consule
762 2844 896 2924 praefuit,
912 2846 1018 2906 omissa
1032 2844 1132 2905 delen·

125 2929 210 2989 sione
224 2930 334 2991 iudices
346 2931 438 3009 petiit.
458 2927 523 3006 ugo
534 2937 565 2988 et
579 2927 729 2991 Cornelius
745 2928 877 3006 Tacitus,
897 2927 1001 2989 adesse
1015 2931 1130 3008 provin-

127 3011 245 3087 cialibus
259 3015 347 3090 iussi,
363 3014 582 3072 existimavimus
596 3012 661 3073 lidei
679 3023 793 3074 nostrae
806 3013 959 3073 convenire
974 3022 1072 3073 notum
1084 3031 1130 3074 se·

126 3098 202 3155 natui
222 3097 319 3158 iacere
341 3097 506 3157 excessisse
522 3095 648 3157 Priscum
663 3098 822 3158 inmanitate
838 3107 868 3157 et
883 3098 1000 3158 saevitia
1015 3099 1130 3158 crimina

127 3180 229 3258 quibus
244 3180 302 3240 dari
316 3180 426 3240 iudices
436 3191 567 3258 possent,
581 3199 645 3241 cum
657 3181 694 3242 ob
705 3183 873 3242 innocentes
886 3180 1127 3259 condemnandos,
1136 3188 1167 3242 io

101 3264 339 3324 iinterliciendos
362 3265 462 3342 etiam,
482 3266 619 3344 pecunias
639 3267 812 3344 accepisset.
847 3264 1008 3343 Respondit
1023 3263 1129 3326 Fronto

129 3343 225 3407 Catius
245 3347 474 3427 deprecatusque
496 3359 596 3410 estne
620 3348 687 3426 quid
707 3348 780 3409 ultra
798 3348 1018 3428 repetundarum
1031 3347 1129 3427 legem

128 3441 323 3511 quaereretur,
342 3434 490 3512 omniaque
506 3433 625 3493 actionis
640 3451 709 3494 strae
724 3432 800 3512 vela,
816 3435 860 3492 vir
874 3438 1074 3496 movendarum
1090 3432 1129 3492 la-
