2400 3840
124 191 186 255 122
552 187 585 249 G.
607 185 704 248 t’ttltt

85 351 226 421 issetque
240 359 274 401 se
291 340 367 421 quod
382 349 570 401 memoretur.
593 338 651 399 lam
666 339 747 415 cinis,
762 337 855 399 adlrnc
867 345 962 400 tanen
977 355 1069 401 raros:
1083 356 1124 398 re·

126 427 234 506 spicio:
261 425 349 486 densa
370 425 464 503 caligo
485 426 576 502 tergis
604 423 781 500 imminebat,
811 432 889 502 qa'ae
913 440 967 483 uos
999 422 1122 483 torrentis

125 511 210 571 modo
230 509 322 570 inlusa
342 519 435 570 terrae
453 509 635 588 sequebatur.
669 505 886 568 ‘Debectamns’
908 507 1040 586 inquam,
1055 505 1124 566 ‘dnm

126 594 255 655 videmus
270 613 306 654 ne
329 596 356 654 in
370 596 414 654 via
430 597 509 655 strati
525 593 713 654 comitantium
728 590 809 650 turba
822 592 851 651 iu
868 592 999 652 tenebris
1014 598 1123 670 optera-

86 695 118 748 14
126 685 210 740 mur'.
233 678 289 740 Vix
303 678 531 754 consideramus,
548 686 577 737 et
588 694 656 754 non,
671 693 727 735 non
738 673 830 753 qualis
844 674 949 736 inlunis
963 685 1012 737 aut
1026 673 1141 752 nubila,5

127 763 179 826 sed
195 762 286 844 qualis
306 765 334 824 in
349 762 423 824 locis
445 762 549 823 clausis
569 761 675 822 lumine
695 761 832 820 extincto.
864 759 990 820 Audires
1011 758 1124 819 ululatus

126 849 306 926 seminarum,
322 848 456 908 intantum
474 849 636 926 quiritatus,
657 843 795 904 clamores
810 843 952 904 virorum:
967 843 1016 904 alii
1032 861 1123 924 paren·

125 943 188 1011 tes,
209 933 255 993 alii
276 932 400 1008 liberos,
425 929 472 989 alii
487 932 625 1007 coniuges
640 928 760 989 vocibus
783 927 985 1006 requirebant,
1012 927 1123 988 vocibus

126 1017 318 1077 noscitabant:
344 1013 373 1072 hi
394 1032 475 1074 suum
490 1031 602 1089 casum,
618 1013 659 1073 illi
675 1030 787 1074 suornm
807 1011 1031 1074 miserebantur:
1054 1019 1125 1071 erant

85 1102 174 1177 15qui
195 1108 272 1158 metu
292 1097 390 1156 mortis
411 1107 531 1158 mortem
551 1106 749 1174 precarentur:
782 1094 862 1155 multi
883 1095 920 1156 ad
942 1095 1014 1158 deos
1036 1106 1155 1159 manusb

126 1180 246 1257 tollere,
263 1180 362 1260 plures
376 1198 514 1261 nusquam
528 1182 582 1242 iam
598 1179 782 1259 deosnllos,
793 1187 999 1260 aeternamque
1014 1179 1089 1240 illam
1101 1186 1125 1238 et

125 1267 306 1325 novissimam
326 1272 439 1325 noctem
462 1264 566 1325 mundo
590 1265 854 1346 interpretabantur.
894 1263 961 1326 Nec
983 1263 1125 1325 defuerunt

126 1350 173 1428 qui
189 1349 261 1410 lictis
278 1350 459 1429 mentitisque
474 1351 630 1413 terroribus
645 1367 714 1410 vera
721 1347 857 1431 pericula
873 1357 1023 1427 augerent.
1056 1347 1125 1409 Ade-

124 1444 188 1494 rant
203 1437 250 1513 qui
262 1433 364 1505 Miseni
378 1434 446 1494 illud
460 1435 569 1512 ruisse,
596 1433 664 1494 illud
681 1433 782 1492 ardere
803 1431 895 1511 lalso,
917 1432 972 1493 sed
993 1432 1125 1495 credenti·
1193 1498 1197 1505 ,

85 1519 178 1583 tobus
196 1519 364 1579 nuntiabant.
397 1518 512 1579 Paulum
534 1517 653 1585 reluxit:
679 1515 756 1596 quod
767 1533 826 1576 non
839 1515 903 1577 dies
917 1518 1004 1579 nobis
1020 1516 1072 1578 sed
1085 1514 1157 1576 ad-lt
1193 1530 1198 1593 j

126 1605 265 1662 ventantis
288 1603 362 1677 ignis
387 1600 518 1661 iudicium
539 1601 695 1662 videbatur.
727 1598 767 1661 tt:
784 1599 861 1677 ignis
882 1600 1000 1680 quidem
1020 1601 1126 1678 lougius
1194 1608 1198 1683 ¹,

125 1685 261 1760 substitit,
278 1683 413 1743 tenebrae
427 1701 535 1761 rursus,
553 1685 622 1743 ciuis
637 1703 734 1746 rursus
750 1681 853 1744 multus
870 1693 901 1746 et
914 1686 1024 1763 gravis.
1052 1685 1127 1745 llonc
1195 1690 1198 1763 j

126 1766 278 1825 identidem
306 1765 494 1843 adsurgentes
525 1768 755 1828 excutiebamus:
793 1768 890 1847 operti
916 1769 1025 1848 alioqui
1040 1767 1127 1846 adque
1192 1828 1198 1851 Ι

84 1849 209 1913 Iletiam
229 1846 313 1918 oblisi
333 1849 462 1927 pondere
483 1869 622 1911 essemus.
655 1851 773 1914 Possem
793 1850 912 1929 gloriari
927 1853 1128 1931 nongentum

125 1932 209 2010 mihi,
231 1950 288 1992 non
301 1933 405 1994 vocem
421 1953 519 2013 pamm
540 1934 645 1996 fortem
663 1937 690 1995 in
711 1937 796 1996 tontis
816 1936 957 2014 perieulis
976 1929 1160 2012 excidisse,tt

124 2018 177 2076 nisi
192 2036 238 2079 me
253 2035 317 2077 eum
333 2019 478 2098 omuibus,
496 2022 588 2079 onmia
603 2036 714 2079 mecum
728 2018 825 2097 perire
840 2021 960 2099 misero,
975 2036 1077 2098 magno
1090 2028 1126 2080 ta·

83 2110 117 2164 18
125 2120 189 2161 meu
210 2101 385 2165 mortalitatis
407 2104 516 2165 solacio
538 2102 732 2163 credidissem.
764 2101 891 2163 Tandem
909 2103 960 2165 illa
980 2105 1075 2183 caligo
1088 2112 1127 2164 te·

78 2196 83 2203 ’
123 2196 207 2247 nuata
222 2180 312 2264 qnasi
324 2188 353 2246 in
372 2187 477 2246 fumum
496 2186 664 2247 nebulamve
687 2184 834 2246 discessit:
857 2205 928 2248 mox
949 2187 1013 2249 dies
1034 2205 1125 2262 verus,

126 2266 269 2329 sol'etiam
285 2268 408 2344 effulsit,
424 2269 530 2329 luridus
543 2279 651 2343 tamen,
669 2269 760 2347 qualis
776 2286 858 2347 esse,
872 2288 940 2331 oum
954 2271 1069 2350 delicit,
1085 2287 1127 2332 ao·

124 2351 174 2412 let.
200 2350 393 2410 Occursabant
406 2351 611 2428 trepidantibus
626 2352 717 2413 adhue
733 2352 825 2413 oeubs
839 2364 946 2416 mutata
957 2338 1161 2418 umbrante-tt

82 2442 182 2510 19que
198 2435 306 2509 cinere,
322 2442 459 2511 tamquam
473 2436 550 2514 nive,
566 2435 697 2496 obducta.
726 2436 866 2513 Regressi
880 2437 1037 2520 Misenum,
1053 2457 1127 2501 cura·

58 2582 64 2593 ‚
123 2517 159 2576 tis
175 2525 328 2594 utcumque
345 2519 513 2595 corporibus
527 2536 695 2599 suspensam
709 2520 878 2599 dubiamque
892 2533 1013 2586 noctem
1027 2542 1082 2604 spe
1096 2539 1128 2583 ac

124 2610 201 2660 metu
217 2600 376 2678 exegimus.
394 2599 488 2662 Metus
500 2601 695 2681 praevalebat:
711 2621 773 2662 uam
789 2613 818 2663 et
832 2608 942 2667 memor
956 2618 1052 2670 terrac
1067 2624 1128 2687 per-

125 2684 320 2746 severabat'et
335 2683 467 2762 plerique
480 2685 616 2764 lymphati
627 2686 759 2747 terrificis
770 2688 1021 2752 vaticinationibus
1036 2701 1066 2753 et
1082 2707 1129 2751 ana

81 2775 116 2829 20
125 2779 154 2830 et
172 2769 264 2849 aliena
283 2768 354 2828 mala
375 2768 598 2830 ludificabantur.
631 2767 731 2830 Nobis
743 2778 836 2831 tamen
858 2792 896 2835 ne
915 2784 986 2837 tune
1007 2774 1161 2856 qnidamlt

123 2871 289 2933 quamquam
310 2863 339 2914 et
358 2855 485 2932 expertis
507 2851 664 2932 perieulum
679 2862 709 2914 et
731 2858 986 2938 exspectantibus,
1012 2857 1129 2922 abeundi

124 2937 282 3016 consilium,
298 2938 391 2998 donec
407 2935 442 2997 de
457 2936 597 2997 avunculo
612 2937 733 2997 nuntius.
761 2935 840 2998 llaec
850 2958 1034 3022 nequaquam
1046 2928 1130 3004 lr'isto·

122 3021 164 3079 ria
184 3021 268 3099 digna
286 3038 343 3082 non
358 3023 517 3100 scripturus
532 3019 616 3103 leges
634 3027 662 3080 et
679 3020 745 3096 tibi,
769 3021 882 3082 scilicet
904 3028 955 3103 qui
973 3025 1129 3106 requisisti,

13 3170 16 3174 ¹
121 3102 279 3185 imputabis,
297 3105 417 3182 si‘digna
430 3121 467 3163 ne
480 3100 603 3179 epistula
619 3102 733 3180 quidem
746 3102 930 3200 videbuntur.
964 3107 1048 3174 Vale.

588 3233 664 3294 XXI.

403 3335 431 3388 G.
450 3333 576 3386 PLINIUS
594 3331 725 3385 CANINIO
742 3334 803 3388 SUO
820 3334 847 3388 S.

85 3443 111 3511 ,l
184 3439 251 3501 Sum
266 3459 303 3502 ex
317 3440 352 3500 iis
367 3439 414 3518 qni
427 3435 562 3496 mirantur
575 3434 722 3514 antiquos,
749 3454 805 3496 non
822 3444 934 3518 tamen,
958 3450 991 3503 ut
1009 3444 1130 3524 quidam,

1135 3191 1160 3248 tt
