2400 3840
332 198 592 261 EPISTULARUM
603 199 679 259 vtlt.
692 213 733 262 15.
747 210 789 264 16.
804 208 847 263 17.
1033 200 1095 265 167

92 354 136 415 cla
150 361 261 412 tamem
286 370 369 411 unum
381 351 501 412 facilitas
519 350 745 418 manumittendi;
764 351 865 412 videor
878 353 952 412 enim
964 370 1019 412 non
1035 370 1094 412 om·

91 439 157 497 nino
176 437 328 497 inmaturos
348 435 506 513 perdidisse
529 452 600 514 quos
617 436 671 493 iam
691 434 798 495 liberos
814 435 937 514 perdidi;
963 436 1092 514 alterum,

92 519 170 600 quod
182 521 313 599 permitto
332 520 422 581 servis
438 535 552 597 qnoque
568 520 647 596 quasi
664 527 830 579 testamenta
845 518 942 580 lacere
958 539 1049 600 caque
1063 528 1094 580 ut

92 604 219 682 legitima
242 603 382 665 custodie.
418 602 549 662 Mandant
568 610 726 680 rogantque
742 602 819 679 quod
835 604 942 672 visum;
959 621 1046 683 pareo
1061 612 1120 674 uta

67 689 199 752 iniussus.
230 683 380 761 Dividunt,
400 686 519 763 donant,
536 685 713 762 relinquunt,
729 683 868 747 dumtaxat
883 687 955 747 intra
969 688 1091 747 domum.

91 768 163 831 Nam
185 772 276 830 servis
296 768 475 848 respublica
494 769 631 848 quaedam
654 777 683 828 et
706 769 787 846 quasi
810 770 908 830 civitas
923 770 1021 830 domus
1037 780 1090 832 est.

92 852 151 914 Sed
166 870 332 932 quamquam
352 853 396 911 his
419 852 532 915 solaciis
554 852 752 930 adquiescam,
779 853 911 914 debilitor
930 863 959 914 et
977 853 1119 931 frangore

92 936 192 996 eadem
211 935 258 995 illa
274 937 443 997 humanitate
465 954 537 1015 quac
557 953 603 996 me
624 944 654 995 ut
668 935 723 996 hoc
735 936 828 1014 ipsum
843 938 1035 1016 permitterem
1051 939 1091 997 in·

92 1019 181 1079 duxit.
213 1018 277 1079 Non
296 1019 362 1079 idco
385 1028 476 1080 tamen
498 1018 584 1079 velim
606 1018 701 1078 durior
720 1019 789 1080 fieri.
821 1019 884 1080 Nec
903 1021 1004 1098 ignoro
1020 1021 1092 1081 alios

52 1110 84 1164 10
93 1103 232 1163 eiusmodi
248 1120 331 1163 casus
350 1102 417 1161 nihil
435 1101 553 1181 amplius
568 1120 673 1162 vocare
690 1121 771 1181 quam
787 1104 914 1164 damnum
930 1123 1023 1184 coque
1038 1105 1092 1165 sibi

92 1203 210 1264 magnos
227 1185 355 1246 homines
374 1195 403 1245 et
418 1187 562 1264 sapientes
579 1183 678 1245 videri.
712 1184 813 1258 Quian
826 1189 918 1265 magni
935 1189 1092 1267 sapientes·
1145 1248 1146 1251 ,

93 1287 150 1348 que
173 1270 227 1329 sint
247 1270 365 1346 nescio,
388 1267 518 1329 homines
535 1286 591 1328 non
612 1278 686 1328 sunt.
718 1267 843 1331 Hominis
860 1281 905 1332 cst
922 1274 995 1332 enim
1010 1271 1119 1341 adiici4

92 1350 206 1428 dolore,
219 1352 336 1429 sentire,
351 1354 488 1413 resistere
500 1361 591 1411 mmen
606 1361 635 1412 et
651 1351 758 1412 solacia
772 1352 929 1431 admittere,
947 1372 1003 1413 non
1018 1353 1091 1414 sola·

92 1436 146 1495 ciis
161 1452 217 1495 nou
229 1454 328 1513 cgere.
352 1435 457 1496 Verum
473 1435 508 1495 de
525 1434 568 1494 his
587 1434 667 1514 plura
683 1434 805 1496 fortasse
821 1455 903 1514 quam
918 1436 1020 1516 debui,
1039 1436 1119 1506 sed5

51 1533 83 1586 15
92 1520 227 1598 pauciora
243 1536 326 1598 quam
346 1518 434 1579 volni.
462 1518 515 1579 Est
532 1520 605 1578 euim
627 1517 763 1597 quaedam
779 1520 862 1579 etiam
880 1519 993 1580 dolendi
1011 1521 1091 1580 volu-

91 1612 173 1681 ptas,
196 1603 365 1681 pracsertim
380 1603 445 1663 siin
464 1603 545 1662 amici
560 1604 621 1663 sinu
637 1601 761 1680 debeas,
783 1602 857 1681 apud
871 1622 955 1682 quem
969 1603 1091 1665 lacrimis

90 1687 147 1747 tuis
163 1686 211 1747 vel
227 1686 287 1747 laus
299 1687 336 1747 sit
350 1695 446 1764 parata
459 1685 506 1745 vel
519 1686 609 1745 venia.
641 1684 720 1744 Vale.

540 1819 631 1880 xvtl.

49 1943 84 1996 Μ
365 1915 697 1970 o.Pn1nrusuaon1uo
716 1919 820 1970 suos.
874 1948 877 1952 -

153 2018 226 2081 Num
246 2021 310 2082 istic
327 2038 441 2099 quoque
462 2023 557 2082 inmite
578 2032 607 2081 et
627 2023 768 2082 turbidum
788 2019 919 2083 caelum?
950 2022 1002 2081 Hic
1019 2021 1118 2089 adsi-1

89 2104 164 2165 duae
185 2113 372 2182 tempestates
394 2113 424 2164 et
445 2105 544 2164 crebra
561 2104 673 2165 diluvia.
709 2105 819 2166 Tiberis
837 2104 947 2165 alveum
965 2107 1092 2166 excessit

90 2199 120 2248 et
146 2187 360 2248 demissioribus
382 2188 452 2266 ripis
473 2188 530 2248 alte
559 2188 781 2267 superfunditur.
819 2188 990 2267 Quamquam
1011 2188 1117 2255 lossan

91 2288 175 2351 quam
195 2270 459 2350 providentissimus
475 2273 627 2350 imperator
640 2272 710 2332 lecit
725 2272 893 2346 exhaustus,
916 2274 1017 2351 premit
1033 2273 1092 2333 val·

65 2354 155 2430 bles,
176 2356 281 2414 innatat
293 2357 416 2433 campis,
433 2371 544 2433 quaque
560 2354 673 2433 planum
689 2356 796 2433 solum,
813 2374 864 2435 pro
879 2354 943 2416 solo
960 2357 1090 2416 cernitur.

91 2437 162 2498 lade
184 2455 257 2516 quae
275 2437 350 2499 solet
368 2437 478 2498 flumina
493 2440 627 2517 accipere
650 2450 678 2501 et
698 2441 837 2519 permixta
852 2439 996 2500 devehere
1013 2440 1092 2501 velut

92 2521 196 2582 obvius
212 2523 315 2583 sistere
331 2524 426 2600 cogit,
444 2531 529 2600 atque
546 2524 584 2583 ita
598 2522 698 2584 alienis
715 2527 795 2602 aquis
812 2526 905 2603 operit
917 2541 1003 2602 agros
1019 2540 1091 2603 quos

91 2607 156 2685 ipse
170 2623 227 2664 non
241 2608 339 2683 tangit.
360 2605 446 2682 Anio,
463 2605 678 2666 delicatissimus
694 2609 813 2666 amnium
824 2608 946 2686 ideoque
962 2608 1119 2669 adiacenb

90 2688 168 2749 tibus
182 2687 259 2749 villis
274 2687 353 2749 velut
369 2690 499 2749 invitatus
512 2699 707 2769 retentusque,
724 2709 823 2769 magna
837 2710 873 2750 ex
885 2701 965 2768 parte
976 2707 1091 2749 nemora

49 2772 197 2851 aeonibus
212 2773 383 2832 inumbratur
396 2771 482 2849 fregit
496 2783 526 2833 et
542 2777 648 2852 rapuit:
670 2775 778 2835 subruit
789 2783 900 2834 montes
915 2783 945 2833 et
960 2771 1093 2832 deciden-

90 2857 161 2917 tium
181 2853 259 2915 mole
275 2853 402 2933 pluribus
422 2855 495 2916 locis
513 2855 643 2933 clausus,
668 2856 732 2915 dum
746 2859 877 2918 amissum
897 2859 951 2915 iter
972 2856 1090 2932 quaerit,

90 2937 203 3018 impulit
218 2947 295 2998 tecta
310 2958 343 2999 ac
358 2959 390 3000 sc
405 2957 493 3018 super
509 2934 603 3001 ruinas
620 2940 706 3000 eiecit
721 2948 806 3018 atque
821 2938 929 3000 extulit.
957 2937 1122 3001 Videruntla

94 3040 167 3102 quos
187 3020 395 3083 excelsioribus
415 3023 498 3083 terris
518 3022 566 3083 illa
585 3032 741 3103 tempestas
764 3020 951 3102 deprehendit
970 3021 1036 3081 alibi
1051 3022 1092 3081 di·

92 3108 180 3166 vitum
193 3114 344 3184 apparatus
358 3114 387 3166 et
400 3122 515 3184 gravem
530 3101 752 3185 supellectilem,
767 3105 834 3166 alibi
851 3108 1033 3167 instrumenta
1046 3124 1092 3165 ru·

52 3191 144 3268 ttris,
157 3190 198 3250 ibi
214 3188 305 3249 boves
320 3199 410 3248 aratra
426 3199 567 3267 rectores,
582 3190 629 3250 hic
644 3191 736 3251 soluta
752 3200 781 3250 et
794 3189 883 3250 libera
895 3201 1029 3266 armenta,
1045 3189 1092 3249 ad·
1134 3250 1139 3262 ,

93 3292 149 3353 que
165 3275 239 3333 inter
251 3272 324 3333 haec
337 3273 468 3333 arborum
482 3283 597 3335 truncos
612 3283 658 3333 aut
671 3273 802 3334 villarum
816 3273 924 3351 trabes,
936 3276 1012 3335 varie
1023 3273 1093 3333 late·

93 3375 150 3436 que
173 3357 316 3417 fluitantia.
347 3357 392 3416 Ac
411 3375 448 3417 ne
470 3356 517 3417 illa
538 3357 651 3437 quidem
670 3357 743 3418 malo
764 3365 935 3419 vacaverunt
953 3375 1023 3436 quae
1037 3365 1121 3418 nouo

93 3440 224 3503 ascendit
240 3442 338 3500 amuis.
367 3438 437 3501 Nam
457 3458 510 3521 pro
526 3460 607 3504 amne
627 3441 719 3506 imber
734 3441 875 3506 adsiduus
890 3451 924 3502 et
936 3439 1117 3498 bercetum·
