2400 3840
548 185 578 248 C.
603 183 698 247 Ptlrtt

597 336 659 400 U
1192 342 1194 413 l

334 457 361 510 c.
382 456 507 508 rutulus
527 455 641 508 rausero
661 455 793 507 unxina
812 454 873 507 suo
892 455 921 512 s.
1192 428 1194 497 l

102 613 117 666 1
187 592 375 656 Meministine
394 606 424 657 te
445 614 534 676 saepe
555 594 664 673 legisse
680 603 796 672 quanm
812 595 1012 655 contentiones
1027 597 1128 656 excita·

126 681 161 740 rit
177 680 225 739 lex
241 678 387 741 tabellaria
402 689 591 761 quantumque
612 680 667 759 ipsi
687 677 769 737 latori
784 677 831 738 vel
845 676 955 755 gloriae
970 677 1020 738 vel
1035 687 1150 760 repre-b
1192 712 1194 717 ·

100 764 270 832 abensionis
292 762 437 826 attulerit?
457 764 502 824 Ad
522 781 596 823 nune
615 765 644 822 in
668 769 768 823 senatu
788 762 850 822 siue
871 760 931 822 ulla
949 761 1129 826 dissensione
1190 750 1194 839 ,4

126 849 182 910 boc
198 850 272 910 idem
293 858 322 908 ut
337 851 473 927 optimum
493 847 614 928 placuit:
640 863 738 906 omnes
755 846 933 907 comitiorum
947 847 997 907 die
1011 848 1127 910 tabellas
1188 844 1194 949 ,1

98 933 349 1014 apostataverunt.
383 931 607 992 Excesseramus
629 948 696 991 sane
716 929 871 990 manifestis
891 928 949 991 illis
965 934 1126 1012 apertisque
1189 954 1194 1063 p

125 1018 266 1094 suffragiis
282 1016 423 1075 licentiam
447 1016 617 1074 contionum.
641 1014 705 1074 Non
720 1024 831 1091 tempus
846 1012 1003 1093 loquendi,
1019 1033 1076 1077 noo
1089 1027 1126 1078 ta-

126 1099 208 1159 cendi
227 1097 384 1174 modestia,
406 1114 463 1157 non
478 1096 600 1177 denique
620 1097 739 1159 sedendi
759 1098 880 1175 dignitas
903 1099 1124 1161 custodiebatur.
1134 1106 1159 1159 lb
1190 1122 1194 1143 ι

99 1181 218 1260 abiegni
234 1181 357 1260 undique
376 1182 541 1261 dissonique
558 1182 713 1258 clamores,
730 1183 936 1260 procurrebant
949 1201 1051 1247 omnes
1067 1203 1126 1246 cum

125 1268 183 1328 suis
203 1266 373 1344 candidatis,
395 1265 481 1327 multa
496 1268 606 1344 agmina
620 1269 649 1326 in
664 1265 757 1326 medio
772 1265 910 1344 multique
928 1267 1031 1328 circuli
1046 1277 1076 1330 et
1088 1271 1125 1329 iu·

124 1350 229 1412 decora
243 1351 388 1411 conlusio:
404 1351 475 1412 adeo
491 1349 701 1412 desciveramus
718 1367 734 1409 a
748 1350 953 1412 cousuetudine
969 1362 1124 1432 pareutum,

123 1436 290 1516 apudquos
313 1437 405 1496 omnia
424 1436 563 1513 disposita
587 1434 731 1494 moderata
758 1433 924 1513 tranquilla,
951 1439 1125 1499 maiestatem

98 1519 180 1583 5looi
196 1520 390 1598 pudoremque
405 1520 572 1579 retinebant.
605 1519 762 1597 Supersunt
778 1536 882 1596 senes,
903 1536 941 1580 ex
960 1521 1156 1599 quibusnam

124 1603 183 1663 dire
200 1603 283 1663 soleo
299 1602 373 1661 bunc
389 1602 516 1660 ordinem
538 1604 728 1663 comitiorum:
751 1603 835 1662 citato
855 1605 971 1665 nomine
990 1605 1123 1667 candidati

123 1685 264 1746 silentium
279 1702 428 1752 summum;
444 1685 557 1746 dicebat
569 1688 631 1764 ipse
642 1702 695 1765 pro
707 1705 751 1764 se,
768 1685 929 1766 explicabat
939 1688 1027 1750 rium
1037 1707 1121 1768 suam,

123 1777 214 1828 testes
233 1779 263 1829 et
282 1768 444 1829 laudatores
465 1768 562 1846 dabat,
586 1769 643 1830 vel¹
656 1787 720 1829 eum
742 1768 795 1830 sub
815 1787 872 1848 quo
893 1770 1065 1835 militaverat
1078 1773 1122 1833 vel

123 1869 187 1910 eum
209 1854 254 1911 cui
274 1862 410 1931 quaestor
431 1852 522 1914 luerat
542 1854 590 1914 vel
610 1863 774 1932 utrumque,
803 1856 826 1913 si
848 1863 981 1933 potemt‚
1003 1856 1121 1919 addebat

123 1934 259 2014 quosdam
279 1955 316 1997 ex
336 1938 584 2016 suffragatoribus:
607 1939 647 1998 illi
668 1939 793 2014 graviter
806 1945 835 1998 et
850 1940 951 2016 paucis
966 1939 1156 2019 loquebanitt

96 2028 174 2086 fitur.
204 2020 269 2085 Plus
284 2021 341 2081 boc
357 2041 439 2102 quam
455 2041 558 2103 preces
574 2023 715 2101 proderat.
748 2019 979 2100 Nonnumquam
995 2025 1121 2087 candida·

122 2115 166 2166 tus
181 2115 228 2166 aut
248 2105 356 2168 natales
378 2109 572 2187 competitoris
588 2116 634 2167 aut
649 2123 737 2166 annos
753 2115 799 2165 aut
814 2107 897 2165 etiam
911 2123 1009 2168 mores
1023 2127 1119 2188 argue·

121 2190 176 2248 bat.
209 2189 349 2250 Audiebat
376 2200 490 2250 senatus
511 2193 647 2270 gravitate
673 2190 810 2251 censoria.
844 2189 886 2250 lta
908 2194 1027 2270 saepius
1048 2194 1119 2271 digni

96 2281 203 2348 7quam
219 2274 338 2349 gratiosi
353 2272 563 2349 praevalebant.
597 2271 678 2346 Quae
693 2291 768 2335 nuno
783 2272 926 2334 inmodico
942 2275 1044 2338 lavore
1060 2293 1119 2337 cor·

120 2364 219 2431 rupta,
241 2354 276 2414 ad
297 2357 381 2414 tacita
403 2355 534 2432 suffragia
554 2358 633 2434 quasi
653 2359 688 2418 ad
710 2358 864 2418 remedium
880 2356 1152 2430 decucurrernnutt

121 2435 197 2514 quod
219 2438 329 2497 interim
349 2437 434 2517 plane
453 2439 607 2501 remedium
628 2442 695 2503 iuit:
717 2450 777 2501 erat
793 2443 867 2502 enim
881 2458 986 2502 uorum
1002 2453 1032 2506 et
1045 2445 1119 2504 subi·

93 2529 184 2584 stum.
206 2519 264 2580 Sed
277 2537 382 2582 vereor
396 2541 432 2582 ue
447 2525 623 2603 procedente
639 2536 768 2604 tempore
782 2544 819 2585 ex
832 2527 897 2603 ipso
910 2527 1040 2588 remedio
1055 2529 1120 2589 vitia

119 2614 277 2665 nascantur.
309 2603 362 2666 llst
381 2608 455 2666 enim
470 2610 626 2687 periculum
642 2629 678 2670 ne
693 2610 786 2670 tacitis
801 2609 942 2687 suffragiis
958 2611 1120 2690 inpudentia

120 2691 237 2770 inrepat.
257 2689 326 2750 Nam
342 2699 429 2770 quoto
446 2695 547 2772 cuique
562 2694 661 2754 eadem
673 2694 829 2754 honestatis
842 2710 909 2753 cura
919 2705 1037 2756 secreto
1049 2713 1119 2775 quae

92 2773 231 2852 apaten?
252 2773 333 2836 blulti
349 2775 464 2855 lamam,
482 2779 683 2838 conscientiam
698 2779 781 2855 pauci
796 2786 940 2838 verentur.
964 2777 1024 2839 Sed
1039 2781 1153 2849 uimistb

120 2860 176 2917 cito
198 2859 234 2917 de
250 2861 363 2919 futuris:
390 2862 500 2921 interim
516 2862 655 2922 benelicio
672 2859 837 2920 tabellarum
851 2861 1018 2924 babebimus
1032 2864 1118 2940 magi·

117 2949 219 3000 stratus
232 2945 279 3021 qui
290 2947 407 3005 maxime
419 2946 481 3005 iteri
493 2945 658 3006 debuerunt.
681 2943 752 3003 Nam
766 2952 796 3003 ut
810 2946 838 3004 iu
853 2947 1068 3024 reciperatoriis
1079 2948 1117 3005 iu·

118 3022 198 3083 diciis
213 3027 256 3084 sio
271 3042 323 3085 nos
338 3029 366 3087 in
386 3030 429 3088 his
452 3030 571 3088 comitiis
593 3029 671 3107 quasi
692 3039 812 3106 repente
827 3029 1000 3106 adprehensi
1015 3029 1118 3091 sinceri

77 3117 110 3170 10
117 3105 227 3168 iudices
238 3108 348 3171 luimus.
372 3108 450 3172 ilaec
464 3112 514 3171 tibi
530 3112 642 3190 scripsi,
659 3113 788 3189 primum,
802 3122 832 3172 ut
847 3112 952 3190 aliquid
967 3115 1037 3175 novi
1048 3115 1117 3175 scri·

117 3191 225 3271 berem,
242 3194 354 3273 deinde,
370 3205 400 3256 ut
416 3211 631 3273 nonnumquam
645 3195 681 3254 de
696 3213 728 3254 re
744 3195 859 3274 publica
872 3195 1020 3276 loquerer,
1037 3199 1151 3258 euiusbi
1186 3206 1190 3213 '

116 3279 248 3339 materiae
269 3282 351 3341 uobis
368 3288 471 3359 quanto
485 3279 574 3337 rarior
588 3296 670 3355 quam
683 3281 829 3340 veteribus
845 3282 961 3341 occasio
975 3291 1053 3343 tanto
1068 3283 1115 3341 mi·

77 3367 167 3421 rtnus
189 3365 342 3426 omittenda
362 3372 416 3422 est.
450 3359 487 3421 Et
508 3360 631 3422 lleroule
653 3380 801 3442 quousque
822 3363 870 3425 illa
890 3364 1019 3444 vulgaria
1041 3362 1117 3444 ‘quid

109 3445 311 3529 agtblecquid
321 3445 471 3509 commode
484 3442 601 3506 vatest²
614 3445 742 3508 Habeant
751 3458 866 3509 nostrae
877 3467 993 3528 quoque
1005 3449 1116 3510 litterae
