2400 3840
542 158 575 223 G.
599 157 696 222 PldNI

338 362 377 446 o.
405 363 516 445 rum
548 360 706 446 curcur
734 358 911 444 succum

237 513 1006 643 EPISTULARUM

484 707 582 764 LIBER
602 705 764 774 QUINTUS.

611 866 635 930 1.

341 970 369 1022 c.
386 968 512 1022 PLtltlUS
531 969 629 1020 lunio
648 967 777 1020 suveno
794 967 857 1021 suo
873 968 902 1022 S.

93 1093 109 1146 1
179 1075 316 1151 Legatum
339 1070 405 1131 mibi
424 1071 543 1131 obvenit
562 1071 705 1132 modicum
730 1071 784 1132 sed
808 1068 986 1150 atnplisslmo
1001 1067 1149 1150 ‘gmtiuslt
1189 1070 1194 1104 '³

119 1155 179 1218 Uur
189 1155 363 1236 amplissimo
375 1151 503 1233 gratius?
519 1155 673 1235 Pomponia
690 1153 773 1218 Galla
791 1153 969 1216 exheredato
985 1154 1045 1216 Rlio
1056 1156 1120 1217 Asu

119 1241 167 1302 dio
183 1238 305 1301 Curiano
319 1239 456 1301 herodem
478 1240 633 1319 reliquerat
653 1258 715 1319 me,
738 1238 856 1300 dederat
876 1237 1042 1302 coheredes
1063 1239 1120 1300 S'er·

120 1328 223 1386 lorium
237 1325 393 1402 Seuerum,
407 1326 580 1404 praetorium
592 1325 701 1403 sirum,
719 1323 850 1402 aliosque
864 1321 1037 1403 splendidos
1052 1325 1120 1404 equi·

91 1420 165 1479 ntes
188 1409 343 1472 Romanos.
379 1407 519 1471 Curianus
546 1409 645 1469 orabat
670 1418 701 1469 ut
727 1408 782 1469 sibi
806 1407 943 1468 donarem
967 1411 1121 1487 portionem

120 1514 211 1557 masa
226 1514 317 1575 seque
332 1493 508 1574 praeiudicio
526 1496 665 1562 iuvarem;
687 1491 808 1552 eandem
829 1493 915 1553 tacita
937 1495 1121 1553 conventione
1128 1506 1153 1561 15

94 1580 226 1648 asalvam
247 1579 315 1638 mibi
334 1577 535 1657 pollicebatur.
564 1576 787 1655 Respondebam
800 1593 858 1635 non
872 1578 1033 1638 convenire
1047 1578 1122 1638 mori·

120 1665 174 1725 bus
189 1664 260 1723 meis
274 1660 353 1722 aliud
367 1660 459 1738 palam
475 1659 550 1719 aliud
563 1678 652 1738 agere
667 1670 801 1738 secreto,
816 1669 970 1740 praeterea
986 1677 1046 1721 non
1062 1673 1123 1724 esse·

119 1748 188 1807 satis
202 1745 354 1805 honestum
375 1743 482 1804 donare
503 1753 532 1804 et
552 1743 693 1823 locupleti
714 1754 744 1806 et
765 1745 854 1823 orbo,
875 1746 904 1805 in
924 1763 1053 1825 summa,
1074 1762 1122 1807 non

118 1828 297 1910 profuturum
313 1830 357 1906 ei,
378 1830 403 1888 si
424 1828 593 1907 donassem,
615 1829 808 1909 profuturum,
825 1830 850 1889 si
868 1830 1046 1908 cessissem,
1061 1847 1122 1891 esse

119 1922 214 1973 autem
226 1931 274 1973 me
289 1922 416 1992 paratum
434 1912 557 1991 cedere,
579 1915 604 1974 si
624 1914 720 1993 inique
734 1912 939 1975 exheredatum
953 1913 1022 1974 mihi
1039 1913 1156 1993 lique-tt

93 2008 171 2062 oret.
195 1997 241 2060 Ad
256 1996 312 2059 boc
327 1997 377 2060 ille
395 2004 481 2076 ‘rogo
497 2003 681 2077 cognoscas?
706 1995 862 2060 Cunctatus
872 1997 990 2077 paulum
1001 1999 1122 2061 ‘faciam’

117 2084 246 2163 inquam:
262 2089 370 2162 ‘noque
388 2085 462 2144 enim
475 2083 560 2144 video
576 2101 627 2144 cur
640 2084 704 2162 ipse
718 2100 764 2143 me
779 2083 917 2142 minorem
930 2092 1032 2161 putem
1048 2101 1123 2162 quam

117 2169 169 2230 tibi
183 2167 294 2229 uideor.
325 2167 384 2228 Sed
403 2170 457 2228 iam
477 2186 552 2227 nunc
573 2176 716 2228 memento
730 2185 788 2227 non
803 2166 963 2227 defuturam
977 2167 1047 2227 mibi
1062 2185 1123 2229 con·

118 2254 265 2328 stantiam,
282 2253 306 2311 si
320 2253 359 2311 ita
374 2251 446 2310 lides
462 2250 589 2327 duxerit,
610 2252 767 2312 secundum
781 2259 898 2312 matrem
912 2259 990 2311 tuam
1004 2269 1123 2331 pronun·

91 2335 225 2396 otiandi!
256 2333 306 2393 ‘Ut
321 2332 418 2394 roles'
435 2335 485 2394 ait:
501 2333 597 2397 ‘voles
612 2336 687 2396 enirn
703 2335 780 2415 quod
790 2337 1016 2414 aequissimum?
1041 2337 1157 2398 Alli-ts

118 2418 167 2477 bui
181 2419 209 2476 in
228 2416 378 2476 consilium
398 2417 470 2479 dnos
490 2436 563 2498 quos
583 2428 651 2480 tunc
670 2421 770 2482 civitas
785 2429 884 2480 nostra
896 2422 1123 2498 spectatissimos

117 2501 230 2578 babuit,
251 2497 407 2561 Corellium
428 2511 456 2562 et
476 2501 649 2564 Frontinum.
677 2503 728 2565 His
744 2504 933 2565 circumdatus
946 2504 977 2564 in
993 2505 1123 2567 cubiculo

91 2593 183 2648 timeo
198 2584 271 2646 sedi.
290 2584 370 2648 Dixit
385 2583 522 2650 Curianus
537 2607 611 2669 quae
627 2606 681 2669 pro
697 2608 730 2649 sc
745 2589 870 2667 putabat.
893 2587 1045 2667 Respondi
1059 2607 1123 2669 pau·

118 2672 160 2734 cis
174 2688 247 2750 ego;
260 2689 356 2752 neque
372 2673 446 2733 enim
460 2673 557 2734 aderat
570 2673 641 2735 alius
657 2675 706 2752 qui
717 2673 868 2734 debmctae
879 2672 1021 2751 pudorem
1032 2685 1124 2735 tuere·

116 2765 176 2818 tur:
203 2755 306 2818 deinde
327 2759 439 2819 secessi
458 2767 487 2818 et
508 2776 546 2818 ex
567 2757 679 2818 consilii
693 2759 834 2819 sententia
849 2756 985 2818 ‘videtur’
1000 2760 1158 2839 inquamto

117 2837 270 2919 ‘Curiane‚
296 2851 387 2902 mater
410 2851 459 2903 tua
484 2844 573 2903 iustas
598 2842 733 2903 babuisse
754 2858 854 2902 causas
879 2841 1023 2903 irascendi
1050 2843 1122 2904 tibi'

117 2923 186 2985 Post
207 2923 264 2985 boc
284 2925 334 2986 ille
356 2943 420 2985 cum
435 2928 541 2988 ceteris
561 2927 732 3006 subscripsit
753 2926 957 2986 centumvirale
978 2927 1122 3005 iudicium,

87 3017 106 3072 ¹7
115 3024 173 3068 non
188 3006 359 3086 subscripsit
372 3028 494 3072 mecum.
517 3009 681 3089 Adpetebat
691 3009 787 3071 indicii
803 3010 878 3073 dies:
895 3009 1059 3073 coheredes
1070 3012 1123 3071 mei

118 3106 284 3170 conponere
301 3102 331 3153 et
344 3096 503 3172 transigere
519 3094 687 3174 cupiebant,
704 3111 761 3155 non
777 3094 932 3156 diffidentia
952 3112 1058 3158 causae
1073 3094 1124 3157 sed

115 3184 193 3236 metu
213 3181 393 3254 temporum„
412 3177 592 3239 Verebantur
607 3178 684 3256 quod
703 3178 838 3240 videbant
854 3177 949 3240 multis
969 3179 1159 3258 occidissem

87 3268 152 3324 Sne
169 3277 206 3319 ex
220 3261 415 3322 centumvirali
431 3262 537 3322 iudicio
553 3263 655 3340 capitis
669 3265 712 3323 rei
728 3265 846 3323 exirent.
868 3260 906 3323 Et
920 3274 1002 3324 erant
1013 3264 1124 3343 quidam

116 3344 144 3402 in
160 3342 216 3403 illis
232 3345 335 3423 quibus
351 3347 427 3407 obici
443 3356 472 3407 et
489 3345 623 3407 Gratillae
638 3348 758 3407 amicitia
769 3356 798 3407 et
812 3346 924 3408 Rustici
934 3357 1047 3427 posset.
1067 3346 1123 3407 Ro·

88 3435 184 3504 agant
196 3446 243 3490 me
263 3439 294 3490 ut
309 3447 373 3490 cum
388 3426 510 3490 Curiano
530 3430 641 3509 loquar.
674 3429 865 3492 Convenimus
882 3432 911 3491 in
931 3432 1033 3493 aedem
1050 3428 1124 3491 Gon·
