2400 3840
401 201 663 264 nrrsrumnun
677 159 754 264 vru.
777 213 819 267 n.
1045 202 1107 267 165

105 359 162 410 tam
177 348 289 414 diversa
304 355 488 415 censentium.
509 354 612 433 Adque
624 355 695 417 adeo
708 355 839 434 permitte
854 355 921 416 mihi
934 355 976 417 sic
986 356 1061 434 apud
1077 367 1106 418 te
1116 364 1150 420 ld

104 443 246 513 tamquam
258 436 312 515 ibi,
330 439 373 498 sic
388 447 504 517 peracta
517 458 548 498 re
564 448 702 517 tamquam
714 438 805 499 adhuc
819 439 946 517 integra,
968 440 1105 500 rationem

103 517 202 578 iudicii
216 521 271 579 mei
286 520 424 598 reddere,
446 539 576 600 quaeque
591 531 659 582 tunc
675 523 790 600 carptim
805 523 898 583 multis
914 522 1104 602 obstrepenti·

103 600 158 661 bus
176 600 235 662 dini
254 622 329 664 nunc
351 622 405 683 per
419 606 505 665 otium
520 607 648 682 iungere.
676 604 826 682 Fingamus
837 615 897 666 tres
909 608 1020 678 omnino
1035 605 1104 666 iudi·
1114 613 1149 671 17

78 687 197 748 ucesiu
212 685 283 747 hanc
298 705 410 748 causam
427 688 508 749 datos
523 705 606 765 esse,
631 688 730 748 horum
747 689 793 747 uni
805 687 949 767 placuisse
965 692 1059 768 perire
1073 689 1106 750 li·

101 767 216 847 bertos,
233 768 315 831 alteri
330 771 464 849 relegari,
481 772 564 832 tertio
579 771 704 832 absolvi:
720 781 849 831 utrumne
864 775 1021 833 sententiae
1034 772 1106 834 duae

103 850 218 914 collatis
238 854 345 916 viribus
360 857 540 916 novissimam
559 852 719 932 periment?
736 873 771 915 an
786 857 937 934 separatim
952 874 1007 916 una
1020 874 1106 934 quae·

103 954 161 1014 quc
177 938 338 998 tantundem
354 947 485 1016 quantum
500 936 588 998 altera
603 937 725 1016 valebit,
745 957 801 999 nec
815 939 905 1016 magis
922 940 1028 1018 poterit
1043 958 1106 999 cum

103 1019 230 1080 secunda
245 1022 333 1098 prima
348 1023 460 1082 conecti
476 1039 558 1099 quam
571 1022 697 1082 secunda
713 1040 777 1083 cum
791 1018 894 1081 tertia?
916 1021 1006 1099 Igitur
1020 1024 1048 1081 in
1059 1042 1105 1083 se·
1116 1029 1149 1084 18

62 1107 168 1162 lonatu
187 1119 301 1182 quoque
317 1105 455 1165 numerari
475 1114 615 1183 tamquam
637 1107 794 1167 contrariae
816 1104 922 1165 debent
944 1124 1016 1184 quae
1038 1116 1107 1167 tarn·

103 1203 187 1265 quam
202 1186 330 1248 diversae
347 1186 486 1249 dicuntur.
518 1186 602 1261 Quod
620 1190 645 1247 si
659 1207 730 1249 unus
745 1188 837 1266 adque
852 1188 927 1248 idem
943 1198 972 1249 et
985 1189 1107 1268 perden-

103 1269 157 1329 dos
172 1280 307 1332 censeret
323 1281 352 1332 ct
365 1270 554 1350 relegandos,
575 1289 641 1330 num
661 1291 698 1332 ex
717 1272 855 1333 sententia
870 1274 951 1331 unius
968 1282 997 1332 et
1011 1275 1105 1351 perire

102 1364 225 1432 possent
240 1350 269 1415 et
289 1352 432 1432 relegari?
451 1373 517 1414 num
531 1355 654 1434 denique
671 1357 783 1415 omnino
801 1372 854 1415 una
871 1358 1011 1417 sententia
1025 1364 1105 1435 puta·

102 1446 182 1497 retur
199 1455 272 1516 quac
293 1447 348 1498 tam
370 1438 482 1499 diversa
509 1435 718 1517 coniungeret?
747 1436 987 1510 Quemadmodum
1008 1441 1149 1516 igitur,19

62 1527 168 1582 15cum
182 1519 255 1582 alter
275 1523 450 1600 puniendos,
469 1521 542 1583 alter
562 1530 679 1583 censeat
693 1520 883 1600 relegandos,
906 1521 996 1582 videri
1009 1533 1105 1600 potest

102 1622 158 1665 una
172 1607 328 1683 sententia,
350 1607 414 1684 quia
428 1604 531 1666 dicitur
544 1625 560 1668 a
574 1606 701 1683 duobus,
720 1625 792 1684 quac
806 1624 862 1666 non
879 1605 1024 1666 videretur
1039 1625 1104 1686 una,

102 1690 128 1748 si
144 1689 179 1748 ab
198 1706 253 1748 uno
273 1687 436 1750 diceretur?
459 1688 554 1763 Quid?
576 1690 625 1750 lex
639 1708 696 1750 non
715 1698 815 1768 aperte
836 1689 923 1750 docet
944 1689 1033 1748 dirimi
1056 1690 1104 1750 de·

102 1772 175 1832 berc
190 1775 346 1834 sententias
361 1773 519 1835 occidentis
536 1784 564 1835 et
578 1775 750 1852 relegentis,
768 1792 831 1833 cum
845 1775 887 1834 ita
898 1774 1105 1835 discessionem

102 1855 165 1916 lieri
183 1856 273 1934 iubet,
289 1859 350 1936 ‘qui
363 1856 435 1919 haec
451 1858 578 1935 sentitis,
600 1861 628 1917 in
642 1858 715 1919 hanc
730 1867 855 1936 partem,
872 1860 920 1936 qui
935 1857 989 1918 alia
1002 1859 1104 1936 omnia,

59 1938 214 1999 toinillam
224 1949 332 2019 partem
346 1941 386 2001 ite
398 1959 454 2019 qua
469 1938 620 2003 sentitis'?
641 1941 775 2001 Examina
790 1941 901 2020 singula
914 1942 1001 2001 verba
1016 1952 1045 2002 et
1057 1961 1106 2002 ex·

102 2022 213 2102 pende:
236 2025 296 2102 ‘qui
311 2023 383 2084 haec
399 2027 541 2102 sentitis',
564 2024 620 2084 hoc
642 2034 688 2084 est
715 2026 763 2103 qui
790 2025 962 2102 relegandos
985 2025 1104 2102 putatis:

103 2107 144 2166 ‘in
159 2106 232 2167 hanc
244 2113 377 2186 partem,
394 2107 422 2166 id
437 2118 482 2168 est
503 2109 530 2166 in
554 2125 616 2167 eam
630 2109 658 2166 in
673 2125 729 2186 qua
743 2107 827 2167 sedet
841 2109 889 2186 qui
905 2107 1017 2168 censuit
1031 2106 1105 2166 rele-

102 2189 221 2267 gandos.
244 2189 289 2249 Ex
305 2208 362 2270 quo
378 2191 555 2252 manifestum
572 2200 616 2251 cst
634 2209 689 2250 non
706 2208 795 2270 posse
811 2193 838 2250 in
852 2191 950 2252 eadem
966 2199 1046 2268 parte
1061 2199 1148 2252 reto

100 2291 217 2334 manere
242 2291 294 2334 eos
316 2276 365 2354 qui
384 2274 597 2336 interficiendos
616 2275 792 2335 arbitrantur.
825 2274 892 2348 ‘Qui
912 2273 965 2335 alia
987 2277 1103 2334 omnia':

57 2363 92 2417 25
101 2357 300 2419 animadvertis
312 2369 342 2419 ut
351 2376 408 2419 non
420 2358 612 2420 contentalex
621 2359 718 2419 dicere
729 2358 807 2418 ‘alia'
823 2358 960 2419 addiderit
977 2360 1104 2417 ‘omnia'.

100 2438 177 2501 Num
204 2459 276 2520 ergo
303 2441 417 2504 dubium
440 2451 485 2504 est
508 2441 562 2503 alia
585 2444 678 2504 omnia
699 2443 805 2503 sentire
829 2442 949 2520 eosqui
972 2440 1105 2500 occidunt

101 2542 185 2603 mam
201 2527 249 2604 qui
264 2523 415 2604 relegant?
441 2524 485 2586 ‘ln
503 2525 579 2586 illam
599 2523 708 2606 partem
728 2529 767 2588 ite
783 2544 838 2605 qua
851 2526 989 2586 sentitis':
1011 2543 1105 2585 nonne

100 2608 216 2670 videtur
230 2610 293 2688 ipsa
312 2609 361 2670 lex
380 2627 432 2672 eos
454 2611 500 2689 qui
515 2609 683 2672 dissentiunt
702 2612 731 2670 in
748 2611 915 2671 contrariam
932 2619 1040 2689 partem
1055 2626 1104 2667 vo-

101 2710 182 2770 care,
200 2710 319 2771 cogere,
336 2691 498 2773 inpellere?
514 2711 571 2754 non
587 2694 688 2756 consul
703 2696 787 2754 etiam
810 2693 858 2753 ubi
879 2694 1000 2771 quisque
1014 2709 1103 2750 rema·

58 2791 190 2854 sonere,
210 2793 268 2854 quo
288 2777 447 2854 transgredi
471 2777 589 2854 debeat,
619 2796 675 2838 non
690 2786 794 2837 tantum
808 2774 993 2836 sollemnibus
1008 2773 1104 2833 verbis

99 2859 154 2921 scd
173 2877 257 2921 mauu
277 2869 420 2939 gestuque
439 2858 634 2923 demonstrat?
658 2859 703 2919 Ad
723 2861 797 2921 enim
811 2859 934 2918 futurum
950 2864 994 2918 est
1012 2864 1058 2933 ut,
1080 2858 1104 2917 si
1113 2869 1145 2920 21

100 2941 260 3004 dividantur
274 2946 433 3005 sententiae
448 2944 642 3005 interficientis
655 2952 685 3003 et
698 2942 865 3019 releganda,
883 2939 1045 3019 praevaleat
1056 2938 1104 3000 illa

101 3045 175 3105 quae
190 3027 324 3089 absolvit.
342 3027 417 3101 Quid
434 3027 509 3088 istud
520 3025 555 3085 ad
567 3024 741 3087 censentes?
767 3042 839 3105 quos
855 3033 935 3084 certe
950 3041 1007 3083 non
1019 3023 1104 3086 decet

101 3111 234 3173 omnibus
249 3113 368 3191 artibus,
384 3113 459 3172 omni
473 3113 582 3171 ratione
597 3127 724 3190 pugnare
738 3129 775 3169 ne
790 3111 837 3170 liat
850 3107 925 3187 quod
940 3117 985 3168 est
1000 3109 1102 3168 mitius.

60 3203 92 3259 it
101 3193 225 3274 Oportet
244 3203 338 3256 tamen
356 3213 408 3256 eos
428 3195 477 3274 qui
496 3193 614 3274 puniunt
635 3204 664 3254 et
681 3195 728 3272 qui
742 3192 871 3270 relegant
889 3190 1104 3253 absolventibus

101 3281 233 3358 primum,
247 3297 314 3339 mox
325 3280 399 3339 inter
410 3295 442 3338 se
456 3280 622 3357 comparari.
646 3277 765 3337 Scilicet
776 3286 806 3336 ut
817 3277 844 3335 in
856 3273 1031 3355 spectaculis
1043 3274 1104 3350 qui·

101 3362 220 3424 busdam
242 3380 306 3423 sors
326 3362 450 3440 aliquem
471 3364 586 3440 seponit
603 3379 637 3421 ac
658 3371 753 3422 servat
768 3361 817 3439 qui
833 3378 896 3420 cum
910 3362 1021 3420 victore
1036 3373 1110 3448 com

100 3445 209 3527 tendat,
226 3446 270 3508 sic
283 3448 312 3506 in
327 3454 427 3507 senatu
446 3456 511 3508 sunt
524 3445 620 3529 aliqua
632 3447 747 3528 prima,
758 3454 830 3506 sunt
841 3441 982 3507 secunda
994 3445 1133 3497 aemam-
