2400 3840
119 158 181 224 lot
541 158 573 220 G.
596 158 693 221 Pbllll

93 310 246 391 evirginali
262 310 445 372 verecundia.
478 309 516 370 Ut
535 309 583 371 illa
602 312 689 390 patris
707 312 870 375 cervicibus
889 311 1071 374 inhaerebat!
1090 323 1119 375 ut

116 411 170 455 nos
187 396 293 455 amicos
311 403 445 475 paternos
462 402 491 454 et
511 402 637 455 amanter
657 402 686 454 et
708 395 839 457 modeste
861 394 1119 475 complectebatur!

116 488 147 539 ut
158 479 295 555 nutrices,
312 487 341 538 ut
355 477 552 558 paedagogos,
568 486 599 537 ut
613 488 820 557 praeceptores
835 496 890 559 pro
907 495 963 541 suo
979 497 1118 561 quemque

117 561 214 623 cilicio
231 561 381 640 diligebat!
397 578 479 642 quam
492 561 632 639 studiose,
649 579 731 641 quam
745 561 953 641 intellegenter
962 561 1118 627 lectitabat.

116 655 147 706 ut
164 663 251 725 parce
267 646 468 727 custoditeque
488 644 617 706 ludebat!
644 643 705 720 Qua
722 645 771 707 illa
786 648 986 726 temperantia,
1002 664 1059 727 qun
1071 665 1137 727 paq
1162 678 1176 733 s

116 731 231 807 tientia,
259 749 314 809 qua
337 733 421 791 etiam
448 731 604 790 constantia
624 730 805 791 novissimam
825 728 1022 793 valetudinem
1045 729 1117 792 tulit!

92 811 235 877 dlledicis
247 814 476 893 obsequebatur,
499 829 643 889 sororem,
664 821 774 891 patrem
788 811 1002 893 adhortabatur,
1019 816 1117 895 ipsam·

117 916 173 978 que
197 916 230 959 se
252 898 414 958 destitutam
441 897 572 975 corporis
592 896 699 956 viribus
725 898 826 975 rigore
846 899 931 957 animi
952 898 1115 961 sustinebat.

91 979 232 1045 abunde
246 979 294 1038 hic
314 979 354 1039 illi
375 977 514 1059 usquead
529 988 686 1040 extremum
700 998 755 1040 nec
775 988 822 1040 aut
839 982 933 1059 spatio
951 980 1116 1043 valetudinis

116 1071 163 1123 aut
177 1071 254 1123 metu
271 1064 369 1122 mortis
384 1063 521 1122 infractus
536 1070 598 1139 est,
619 1080 677 1142 quo
697 1061 795 1142 plures
812 1066 1023 1144 gravioresque
1037 1065 1149 1133 nobislo

88 1156 215 1209 ocausas
230 1143 407 1225 relinqueret
421 1154 450 1206 et
465 1144 599 1205 desiderii
612 1154 643 1207 ct
657 1146 774 1208 doloris.
798 1144 822 1207 0
837 1148 919 1209 triste
938 1147 1026 1228 plane
1040 1166 1115 1211 acer·

116 1229 238 1308 bumque
253 1227 351 1288 funus!
371 1247 388 1290 ο
405 1237 496 1290 morte
506 1229 569 1308 ipsa
582 1231 680 1290 mortis
696 1238 808 1308 tempus
826 1230 984 1309 indignius!
1003 1233 1059 1293 ianr
1071 1232 1115 1293 do

114 1312 213 1373 stinata
234 1321 295 1374 erat
309 1316 428 1393 egregio
446 1315 558 1391 iuveni,
579 1314 634 1374 iam
656 1313 767 1374 electus
788 1316 947 1394 nuptiarum
965 1313 1045 1394 dies,
1067 1317 1115 1377 ian

91 1404 168 1462 inos
188 1398 292 1458 vocati.
329 1396 412 1473 Quod
432 1396 564 1477 gaudium
583 1414 640 1477 quo
657 1414 786 1458 maerore
805 1406 942 1458 mutatum
962 1398 1023 1461 est!
1055 1397 1115 1458 Nou

113 1497 232 1560 possum
251 1483 412 1563 exprimere
433 1481 531 1542 verbis
552 1489 684 1560 quantum
703 1481 794 1541 animo
816 1481 920 1542 vulnus
940 1482 1114 1562 acceperim,
1122 1496 1148 1549 lt
1191 1496 1194 1513 ²

114 1582 178 1624 cunr
193 1564 285 1626 audivi
304 1564 466 1625 Fundanum
477 1567 588 1644 ipsum,
609 1572 641 1623 ut
653 1562 739 1624 multa
753 1563 886 1626 luctuosa
901 1563 987 1626 dolor
999 1566 1114 1643 invenit,
1192 1578 1194 1585 '

113 1649 355 1726 praecipientem,
378 1647 454 1726 quod
475 1650 617 1708 investes
638 1649 785 1726 marguita
805 1666 932 1727 gemmas
945 1648 1041 1712 iuerat
1055 1667 1115 1711 ero·
1192 1708 1194 1713 .

89 1737 250 1807 agaturue,
271 1729 328 1789 hoc
345 1731 432 1789 intus
448 1739 479 1791 et
497 1738 640 1808 unguenta
654 1739 684 1792 et
698 1732 803 1793 odores
819 1732 1035 1812 inpenderetur.
1064 1732 1115 1795 Est
1192 1724 1194 1781 l

113 1811 228 1892 quidem
246 1811 297 1873 ille
317 1812 443 1873 eruditus
465 1822 494 1873 et
514 1815 645 1894 sapiens,
668 1823 699 1874 ut
718 1815 767 1893 qui
786 1831 819 1875 se
839 1816 874 1877 ab
889 1816 1008 1877 ineunte
1024 1825 1115 1879 aetate

112 1894 258 1957 altioribus
277 1897 377 1959 studiis
397 1897 562 1978 artibusque
583 1896 738 1976 dediderit,
759 1897 812 1959 sed
831 1917 907 1961 nunc
930 1901 1024 1961 omnia
1044 1913 1151 1979 quaero

111 1979 198 2040 audiit
212 1999 319 2060 saepe,
336 1999 409 2061 quae
427 1980 497 2042 dixit
511 1989 677 2061 aspernatur
690 1981 877 2063 expulsisque
891 1983 1045 2046 virtutibus
1055 1983 1114 2044 aliis

88 2066 228 2142 9pietatis
243 2074 288 2126 est
299 2075 386 2150 totus.
408 2064 560 2144 ignosces,
572 2064 698 2125 laudabis
714 2067 809 2144 etiam,
823 2069 848 2127 si
861 2068 1035 2144 cogitaveris
1049 2067 1115 2148 quid

111 2151 245 2210 amiserit.
278 2149 379 2211 Amisit
395 2154 468 2210 enim
482 2149 566 2211 liliam
580 2167 652 2229 quae
666 2151 827 2209 nonninus
844 2167 940 2210 mores
954 2154 1018 2212 eius
1034 2168 1113 2231 quam

112 2249 145 2291 os
163 2233 329 2310 vultumque
345 2233 489 2293 referebat
505 2241 651 2309 totumque
666 2241 775 2311 patrem
788 2233 856 2294 mira
870 2232 1053 2295 similitudine
1067 2253 1114 2295 ex·

70 2325 103 2376 10
114 2316 277 2391 scripserat.
311 2313 434 2374 Proinde
452 2316 477 2376 si
491 2332 561 2393 quas
577 2313 612 2374 ad
627 2333 692 2375 euru
706 2316 742 2377 de
760 2315 862 2376 dolore
877 2327 934 2378 ιιιιι
944 2319 1021 2379 iusto
1038 2318 1149 2381 litte-tt

112 2412 159 2455 ras
175 2397 288 2473 mittes,
311 2406 453 2457 memento
468 2397 604 2458 adbibere
617 2397 772 2476 solacium,
794 2416 851 2461 non
864 2402 944 2480 quasi
961 2404 1114 2480 castigato·

111 2480 184 2537 rium
200 2488 229 2539 et
243 2480 324 2541 nimis
340 2481 430 2560 iorte,
456 2482 509 2544 sed
521 2481 609 2542 molle
624 2491 654 2542 et
666 2482 825 2543 humanum.
856 2482 941 2557 Quod
954 2495 987 2545 ut
1003 2485 1114 2547 facilius

68 2572 101 2624 11
112 2561 238 2625 admittat
252 2562 368 2624 multum
383 2564 470 2626 faciet
485 2566 569 2627 medii
585 2566 722 2646 temporis
738 2567 868 2647 spatium.
901 2567 939 2629 Ut
957 2570 1035 2631 enirn
1052 2587 1114 2631 cru·

112 2645 176 2707 dum
190 2647 281 2710 adbuc
295 2647 397 2709 vulnus
413 2649 583 2725 medentium
596 2667 694 2712 manus
714 2649 895 2730 reformidat,
919 2650 1025 2713 deinde
1041 2653 1113 2732 pati·

110 2740 155 2793 tur
169 2731 261 2815 adque
276 2733 352 2795 ultro
367 2735 502 2815 requirit,
521 2734 565 2796 sio
578 2750 682 2794 recens
697 2735 779 2793 animi
797 2732 878 2795 dolor
899 2735 1150 2797 comotsuouesao

109 2818 192 2959 qqqqit
205 2819 385 2961 qqlqeiugit,
405 2836 471 2879 mox
486 2819 629 2880 desiderat
643 2824 674 2877 et
690 2816 847 2879 clementer
863 2818 984 2880 admotis
999 2820 1113 2898 adquie-

557 3033 648 3095 xvll.

365 3131 391 3182 c.
410 3131 536 3184 ruinius
554 3133 734 3185 seraranan
752 3132 812 3184 suo
830 3133 856 3184 s.
1117 3164 1148 3221 35

86 3242 102 3296 l
172 3231 241 3293 Scio
256 3241 359 3312 quanto
375 3253 465 3316 opere
480 3237 561 3298 bonis
578 3238 685 3298 artibus
700 3237 814 3316 faveas,
831 3247 964 3316 quantum
979 3240 1112 3318 gaudium

111 3318 224 3396 capias,
246 3318 270 3376 si
292 3317 404 3380 nobiles
427 3321 546 3382 iuvenes
566 3319 680 3398 dignum
702 3320 807 3401 aliquid
827 3320 981 3381 maioribus
996 3325 1057 3386 suis
1071 3324 1110 3385 la-

17 3428 35 3439 «-
109 3399 197 3460 ciant:
220 3418 277 3480 quo
293 3401 470 3464 festinantius
484 3405 581 3466 nuntio
594 3405 644 3465 tibi
662 3403 753 3466 fuisse
767 3422 813 3466 me
827 3403 912 3466 hodie
927 3405 956 3464 in
970 3407 1110 3468 auditorio
