2400 3840
302 201 568 266 EPISTULARUM
582 203 672 265 Vllll.
684 213 728 270 37.
739 214 783 270 38.
795 213 839 270 39.
850 214 895 270 40.
1046 204 1109 270 197

97 354 223 435 praediis
240 357 269 416 in
283 331 387 417 melius
406 365 436 416 et
451 358 479 416 in
493 323 599 434 maius,
618 367 701 418 vetus
717 375 786 418 saue
799 367 829 419 et
845 366 976 436 angusta,
993 376 1057 418 cum
1071 360 1108 420 sit

96 440 204 519 alioqui
226 447 300 501 stato
329 438 375 500 die
397 440 637 520 frequentissima.
675 439 746 501 Nam
770 439 866 503 ldibus
889 441 1133 520 Septembribust

96 542 215 602 magnus
232 525 383 602 eregione
400 534 460 586 tota
474 527 534 586 coit
544 524 681 604 populus,
696 523 801 585 multae
811 543 860 585 res
873 534 1004 604 aguntur,
1020 526 1108 588 multa

95 617 164 669 vota
177 609 382 688 suscipiuntur,
399 608 487 670 multa
499 608 664 687 redduntur,
680 607 733 670 sed
744 607 852 668 nullum
863 611 891 669 in
904 612 1035 688 proximo
1047 611 1107 672 sni-

71 692 208 771 tfugium
222 703 270 753 aut
288 693 386 754 imbris
405 702 454 754 aut
470 692 551 754 solis.
580 692 689 753 Videor
709 710 780 771 ergo
796 693 927 753 munifice
941 693 1025 754 simul
1040 694 1134 759 reli-3

96 779 240 857 gioseque
261 777 405 856 facturus,
434 779 460 839 si
479 777 580 838 aedem
599 795 682 858 quam
700 776 920 857 pulcherrimam
939 787 1105 856 extruxero,

95 860 233 922 addidero
249 862 378 941 porticus
393 861 472 940 aedi,
489 860 566 921 illam
580 860 615 922 ad
632 880 714 924 nsum
730 860 818 939 deae,
837 861 888 923 has
903 862 938 922 ad
952 861 1105 923 hominum.

95 944 190 1006 Velim
206 963 277 1023 ergo
294 964 371 1008 emas
386 955 519 1025 quattuor
533 941 705 1007 marmoreas
722 944 886 1024 columnas,
903 947 985 1007 cuius
1001 946 1053 1006 tibi
1066 948 1107 1006 vi·

96 1029 210 1091 debitur
223 1032 351 1107 generis,
369 1047 446 1092 emas
458 1048 605 1109 marmora,
624 1032 727 1110 quibus
741 1029 846 1108 solum,
864 1030 967 1109 quibus
980 1032 1106 1109 parietes

58 1113 273 1177 toexcolantur.
296 1113 359 1174 Erit
375 1117 459 1175 etiam
475 1116 524 1175 vel
538 1114 697 1175 iaciendum
708 1115 756 1175 vel
771 1114 919 1175 emendum
931 1116 1023 1193 ipsius
1036 1115 1134 1180 deuel

97 1200 227 1277 signum,
254 1199 319 1276 quia
339 1201 483 1278 antiquum
502 1198 573 1258 illud
596 1218 613 1260 e
633 1199 713 1276 ligno
731 1198 898 1277 quibusdam
914 1201 958 1259 sui
977 1199 1106 1276 partibus

96 1291 241 1344 vetustate
261 1291 418 1342 truncatum
440 1293 493 1346 est.
529 1281 669 1356 Quantum
688 1282 723 1342 ad
746 1285 892 1362 porticus,
911 1283 981 1342 nihil
996 1284 1133 1346 interimo

98 1368 224 1428 occurrit
240 1366 317 1446 quod
333 1365 464 1426 videatur
478 1368 562 1427 istinc
577 1385 645 1427 esse
664 1364 869 1445 repetendum
890 1367 946 1426 nisi
967 1376 1061 1426 tamen
1077 1376 1108 1426 ut

97 1451 216 1512 formam
235 1449 392 1512 secundum
406 1452 545 1511 rationem
558 1451 617 1511 loci
634 1450 755 1511 scribas.
777 1448 880 1529 Neque
897 1451 972 1510 enim
987 1458 1108 1527 possunt

56 1543 88 1597 15
98 1535 266 1596 cueumdari
280 1533 404 1614 templo;
423 1553 486 1596 nam
498 1534 591 1596 solum
604 1533 705 1612 templi
718 1532 785 1593 lrinc
799 1533 913 1594 flumine
924 1543 954 1593 et
965 1533 1107 1611 abruptis·

96 1621 178 1682 simis
193 1621 265 1699 ripis
285 1619 353 1680 lrinc
369 1620 416 1679 via
435 1622 567 1699 cingitur.
600 1617 654 1679 Est
671 1617 744 1679 ultra
762 1619 837 1678 viam
859 1616 1028 1679 latissimum
1042 1625 1133 1697 pra-6

97 1713 172 1783 tum,
196 1707 226 1765 iu
246 1721 305 1784 quo
325 1705 394 1766 satis
408 1713 476 1782 apte
492 1713 590 1765 eontra
605 1702 743 1781 templum
760 1703 853 1782 ipsam
869 1703 999 1782 porticus
1015 1701 1107 1781 expli·

98 1790 253 1860 cadentum
269 1789 324 1850 nisi
340 1788 407 1867 quid
422 1798 453 1849 tu
467 1788 568 1850 melius
583 1789 740 1865 inveneris,
758 1789 806 1866 qni
820 1787 901 1849 soles
913 1785 1042 1847 locorum
1055 1785 1107 1846 dil·

100 1872 240 1935 iicultates
257 1882 317 1935 arte
334 1891 480 1953 superare.
512 1873 594 1934 Vale.

57 1956 92 2013 20
549 2005 656 2066 XXXX

398 2104 424 2155 G.
443 2105 567 2157 PLINIUS
586 2103 685 2156 tusco
705 2103 764 2155 SUO
784 2102 810 2153 S.

163 2205 272 2267 Scribis
294 2217 442 2287 pergratas
457 2207 509 2268 tihi
524 2206 616 2268 luisse
632 2205 742 2268 litteras
760 2222 855 2281 meas,
879 2203 981 2281 quibus
1000 2215 1133 2279 cogno-1

97 2291 165 2350 visti
182 2290 417 2369 quemadmodum
430 2293 459 2351 iu
475 2289 577 2352 Tuscis
594 2292 681 2352 otium
695 2290 812 2352 aestatis
828 2289 991 2365 exigerem:
1012 2286 1106 2364 requi·

57 2374 140 2436 toris
160 2373 228 2453 quid
249 2393 286 2435 cx
304 2375 362 2436 hoc
381 2377 409 2435 in
430 2374 599 2436 laurentino
618 2376 713 2437 hieme
733 2381 902 2454 permutem.
932 2371 1025 2448 Nihil,
1053 2370 1133 2435 nisis

98 2459 177 2537 quod
199 2459 369 2521 meridianus
392 2477 509 2522 somnus
532 2461 664 2525 eximitur
685 2459 861 2538 multumque
884 2456 920 2518 de
945 2464 1032 2516 noete
1057 2452 1106 2514 vel

98 2551 163 2603 ante
179 2544 227 2604 vel
239 2553 306 2624 post
320 2544 395 2606 diem
409 2547 538 2624 sumitur,
551 2554 581 2606 et
594 2545 620 2606 si
631 2544 734 2623 agendi
744 2545 905 2606 necessitas
919 2542 1016 2618 instat,
1033 2556 1106 2618 quae

99 2625 236 2707 frequens
250 2627 354 2707 hieme,
370 2647 430 2690 non
444 2631 499 2690 iam
514 2629 656 2691 comoedo
673 2629 721 2689 vel
736 2629 855 2705 lyristae
871 2635 939 2705 post
953 2641 1052 2685 cenam
1063 2622 1107 2681 lo·

89 2727 165 2790 cus,
181 2711 235 2772 scd
249 2710 299 2773 illa
312 2731 386 2791 quae
401 2713 505 2775 dictavi
519 2713 673 2775 identidem
686 2721 885 2789 retractantur,
900 2728 934 2771 ac
950 2706 1035 2768 simul
1049 2722 1107 2764 me-

59 2796 209 2856 domoriae
223 2795 367 2875 frequenti
383 2798 580 2859 emendatione
599 2799 756 2877 prodicitur.
777 2796 873 2857 llahes
889 2801 999 2854 aestate
1013 2789 1135 2854 hiemes

100 2880 350 2942 cousuetudinem:
370 2900 445 2942 nunc
465 2881 551 2943 addas
572 2883 628 2942 lruc
642 2880 713 2941 licet
726 2899 779 2940 ver
793 2889 823 2940 et
837 2887 1012 2949 autumnum,
1034 2889 1107 2950 quae

100 2965 176 3025 inter
188 2962 313 3026 lriemem
326 2973 522 3043 aestatemque
536 2964 644 3042 media,
664 2973 696 3026 ut
711 2963 781 3025 nihil
801 2962 839 3023 de
856 2961 902 3023 die
915 2959 1056 3041 perdunt,
1070 2957 1110 3016 ita

101 3047 138 3110 de
151 3057 238 3111 nocte
254 3048 402 3128 parvolum
416 3049 576 3129 adquirunt.
607 3047 688 3109 Vale.
