2400 3840
100 156 140 220 10
527 150 560 214 0.
581 151 679 214 Pthl

100 330 135 372 au
151 320 181 372 ut
196 310 286 387 magis
310 327 397 387 angar
419 307 495 387 quod
512 326 568 367 non
590 304 681 367 licet?
711 305 781 365 Nam
794 304 952 381 distringor
966 303 1035 365 cilici

100 395 221 456 maximo
237 395 280 454 sic
291 393 505 454 molestissimo.
530 391 628 452 Sedeo
639 408 693 469 pro
708 387 859 466 tribunali,
882 389 1008 449 subnoto
1024 387 1032 446 l

100 479 157 557 los,
176 478 298 539 conhcio
309 476 429 554 tabulas,
446 476 541 537 scribo
555 473 690 553 plurimas
705 473 756 534 sed
770 471 1035 533 inlitteratissimas]

62 580 156 632 [oras.
173 562 262 623 Soleo
275 577 495 640 nonnumquam
511 561 588 638 (nam
603 560 632 618 id
647 560 741 636 ipsum
757 555 868 636 quando
885 558 1035 635 contingit]

100 647 144 708 his
165 647 402 726 occupationibus
416 644 491 723 apud
505 642 671 721 Euphraten
687 643 777 720 queri.
798 639 851 700 llle
866 657 912 700 me
931 640 1035 701 consol

100 730 225 792 adfirmat
241 732 325 792 etiam
340 748 407 793 esse
422 729 494 789 hanc
507 726 707 806 philosophiae
721 724 876 802 etquidem
889 723 1036 801 pulcherri

102 823 219 893 partem,
235 833 323 893 agere
334 816 482 892 negotium
499 810 655 890 publicum,
675 827 865 887 cognoscere,
882 809 1027 886 iudicare,

101 915 178 959 mere
189 909 219 959 et
228 917 367 959 exercere
377 898 524 972 iustitiam,
539 913 671 974 quaeque
683 895 739 972 ipsi
753 893 874 952 doceant
886 893 915 951 in
927 911 981 953 usu
993 892 1035 952 hal

61 980 170 1050 nllihi
187 991 279 1043 tamen
293 982 350 1041 hoo
365 997 450 1039 unum
469 996 526 1038 non
548 978 721 1057 persuadet,
744 979 830 1037 satius
852 995 920 1037 esse
941 978 997 1037 ista
1013 977 1035 1037 fa

104 1083 186 1144 qnam
207 1083 271 1123 cum
290 1065 341 1124 illo
364 1064 426 1125 dies
449 1072 527 1123 totos
549 1061 691 1122 audiendo
712 1061 907 1139 discendoque
930 1079 1035 1122 consun

104 1147 169 1220 Quo
181 1149 271 1226 magis
283 1157 323 1224 te,
338 1149 384 1208 oui
396 1154 489 1225 vacat,
502 1145 612 1224 hortor,
626 1163 689 1205 cum
698 1147 727 1204 in
735 1147 834 1205 urbem
849 1147 980 1223 proxime
996 1164 1035 1205 ve:

104 1232 218 1311 (venias
233 1241 328 1291 autem
339 1233 376 1292 oh
392 1231 448 1291 hoc
462 1230 626 1308 maturius),
639 1230 679 1289 illi
691 1238 720 1288 te
734 1229 936 1307 expoliendum
948 1229 1031 1289 liman

63 1330 95 1383 12
105 1333 161 1394 que
177 1316 333 1394 permittas.
368 1315 471 1395 Neque
485 1316 559 1375 enim
575 1332 649 1392 ego,
669 1323 699 1372 ut
713 1312 810 1391 multi,
825 1313 940 1374 invideo
956 1313 1035 1374 aliis]

104 1417 161 1478 quo
170 1401 234 1479 ipse
243 1418 340 1480 carco,
354 1400 406 1462 sed
420 1408 517 1460 contra
525 1416 641 1460 sensum
652 1398 791 1476 quendam
799 1397 1035 1476 voluptatemque

103 1486 190 1564 cipio,
204 1486 228 1546 si
241 1503 275 1546 ea
287 1503 360 1565 quae
371 1484 438 1544 mihi
448 1484 623 1561 denegantur
631 1482 730 1542 amieis
741 1480 826 1541 video
837 1499 1006 1559 superesse.
1027 1480 1035 1514 ¹

577 1616 628 1676 XI.

351 1715 378 1765 O.
395 1715 521 1767 PLINIUS
535 1715 630 1767 FABlO
645 1716 736 1768 IUSTO
754 1717 813 1768 SUO
833 1716 859 1769 S.

81 1838 94 1890 1
168 1819 240 1879 Olim
255 1819 322 1879 mihi
337 1819 429 1881 nullas
447 1820 586 1899 epistulas
600 1822 698 1883 mittis.
733 1822 811 1882 Nihil
827 1831 888 1899 εει,
908 1823 1035 1900 inquis,r

104 1905 236 1965 scribam.
257 1905 296 1964 Αι
309 1904 366 1964 hoc
380 1905 474 1983 ipsum
490 1906 586 1966 scribe
602 1903 671 1964 nihil
688 1925 754 1967 esse
772 1905 849 1984 quod
864 1907 988 1984 scribas,
1003 1923 1035 1965 ve

103 1988 161 2047 lum
179 1988 250 2049 illud
269 1988 342 2050 unde
364 1990 494 2066 incipere
511 1990 622 2067 priores
639 1989 769 2050 solebant
785 1992 821 2050 ‘si
837 1989 934 2068 vales,
958 1989 1033 2048 hene

104 2091 161 2151 ego
176 2071 283 2134 valeo?
305 2073 368 2134 lloc
382 2073 450 2134 mihi
466 2073 587 2142 sullicit3
602 2081 647 2134 est
661 2076 735 2133 enirn
749 2076 907 2133 maximum.
936 2072 1035 2133 Luden

80 2155 210 2236 aputasl
232 2159 309 2219 serio
331 2167 411 2237 peto.
447 2157 504 2218 Fac
518 2159 606 2219 sciam
621 2157 690 2236 quid
703 2175 783 2236 agas,
801 2158 877 2236 quod
893 2160 955 2218 sine
971 2157 1035 2218 solli

105 2242 170 2302 dine
185 2258 292 2302 summa
305 2243 420 2302 nescire
436 2258 493 2300 non
507 2257 633 2318 possum.
664 2239 746 2299 Vale.

573 2373 637 2434 ΧΗ.

290 2471 317 2524 o.
338 2470 463 2524 ruimus
484 2472 664 2525 cmnsuaro
683 2472 793 2524 ninom
813 2472 873 2523 suo
892 2473 919 2526 ε.

81 2587 96 2638 1
171 2569 309 2631 lecturam
324 2572 602 2651 gravissimamtieci,
619 2577 644 2636 si
664 2577 770 2635 iactura
787 2573 907 2634 dicenda
919 2584 965 2635 est
976 2584 1035 2635 tant

105 2656 231 2718 amissio.
265 2653 402 2716 Decessit
422 2652 566 2719 Corellius
581 2657 691 2736 Rufus,
711 2667 740 2717 et
756 2658 870 2735 quidem
887 2667 1009 2736 sponte,

104 2740 234 2800 dolorem
248 2756 343 2799 meum
354 2739 509 2801 exulcerat.
525 2741 578 2802 Est
590 2744 664 2802 enim
675 2742 921 2804 luctuosissimum
931 2761 1026 2819 genus

80 2824 143 2889 atis
158 2842 231 2902 quae
251 2842 308 2884 non
324 2842 361 2884 ex
376 2833 473 2885 natura
486 2843 541 2886 nec
560 2826 653 2887 fatalis
668 2826 790 2886 videtur.
823 2825 894 2885 Nam
909 2834 1035 2904 utcumqr

106 2905 224 2984 illisqui
239 2908 339 2970 morbo
356 2908 488 2968 liniuntur
501 2927 632 2987 magnum
647 2927 683 2968 ex
698 2910 760 2987 ipsa
777 2911 953 2972 necessitate
971 2910 1034 2970 sola

106 2999 168 3067 est,
188 2992 217 3049 in
237 2993 274 3051 iis
292 3009 363 3051 vero
378 3010 451 3070 quos
467 2994 605 3053 arcessita
618 3010 695 3054 mors
709 2993 802 3053 aufert
816 2992 864 3052 hic
879 2994 1035 3054 insanabili:

83 3072 153 3140 3101*
168 3082 230 3150 cst,
252 3074 329 3151 quod
350 3075 504 3136 creduntur
518 3078 648 3154 potuisse
666 3077 714 3137 diu
728 3078 837 3138 vivere.
873 3074 1033 3137 Corellium

107 3158 171 3218 dem
186 3174 292 3217 summa
306 3160 388 3237 ratio,
405 3177 477 3239 quac
489 3161 665 3238 sapientibus
676 3177 729 3239 pro
740 3165 916 3222 necessitate
929 3171 985 3240 est,
1004 3162 1035 3221 ad

107 3241 257 3301 consilium
270 3243 417 3321 compulit,
435 3259 601 3322 quamquam
617 3243 751 3322 plurimas
762 3245 876 3306 vivendi
889 3263 990 3306 causas
1004 3245 1035 3305 ha

105 3333 174 3402 tem,
191 3326 323 3403 optimam
339 3327 555 3404 conscientiam,
573 3330 706 3405 optimam
723 3328 833 3407 famam,
849 3331 995 3390 maximam
1012 3348 1035 3390 ar

104 3408 233 3490 ritatem,
249 3420 399 3488 praeterea
418 3409 501 3471 liliam
521 3428 641 3471 uxorem
661 3422 798 3490 nepotem
820 3431 954 3490 sorores,
978 3415 1035 3473 inte
