<?xml version="1.0" encoding="UTF-8"?>
<!DOCTYPE html PUBLIC "-//W3C//DTD XHTML 1.0 Transitional//EN"
    "http://www.w3.org/TR/xhtml1/DTD/xhtml1-transitional.dtd">
<html xmlns="http://www.w3.org/1999/xhtml" xml:lang="en" lang="en">
 <head>
  <title>
</title>
<meta http-equiv="Content-Type" content="text/html;charset=utf-8" />
  <meta name='ocr-system' content='tesseract 3.04.00' />
  <meta name='ocr-capabilities' content='ocr_page ocr_carea ocr_par ocr_line ocrx_word'/>
</head>
<body>
  <div class='ocr_page' id='page_1' title='image "./cplinicaecilise01plingoog_0015.png"; bbox 0 0 2400 3840; ppageno 0'>
   <div class='ocr_carea' id='block_1_1' title="bbox 67 176 718 233">
    <p class='ocr_par' dir='ltr' id='par_1_1' title="bbox 67 176 718 233">
     <span class='ocr_line' id='line_1_1' title="bbox 67 176 718 233; baseline -0.009 0"><span class='ocrx_word' id='word_1_1' title='bbox 67 197 85 233; x_wconf 80' lang='lat' dir='ltr'>x</span> <span class='ocrx_word' id='word_1_2' title='bbox 484 176 718 231; x_wconf 73' lang='lat' dir='ltr'>PRAEFATIO.</span> 
     </span>
    </p>
   </div>
   <div class='ocr_carea' id='block_1_2' title="bbox 69 334 1169 3512">
    <p class='ocr_par' dir='ltr' id='par_1_2' title="bbox 69 334 1169 3512">
     <span class='ocr_line' id='line_1_2' title="bbox 69 334 1143 413; baseline -0.007 -13"><span class='ocrx_word' id='word_1_3' title='bbox 69 337 504 413; x_wconf 74' lang='lat' dir='ltr'>animabinterpulationiesuspitione</span> <span class='ocrx_word' id='word_1_4' title='bbox 513 337 558 392; x_wconf 92' lang='lat' dir='ltr'>bos</span> <span class='ocrx_word' id='word_1_5' title='bbox 564 337 639 392; x_wconf 86' lang='lat' dir='ltr'>libros</span> <span class='ocrx_word' id='word_1_6' title='bbox 651 335 709 390; x_wconf 91' lang='lat' dir='ltr'>olim</span> <span class='ocrx_word' id='word_1_7' title='bbox 720 334 988 402; x_wconf 82' lang='lat' dir='ltr'>defenderevolebam),</span> <span class='ocrx_word' id='word_1_8' title='bbox 1003 335 1123 392; x_wconf 81' lang='lat' dir='ltr'>habentu-</span> <span class='ocrx_word' id='word_1_9' title='bbox 1140 368 1143 373; x_wconf 92' lang='lat'>·</span> 
     </span>
     <span class='ocr_line' id='line_1_3' title="bbox 70 418 1122 501; baseline -0.01 -14"><span class='ocrx_word' id='word_1_10' title='bbox 70 421 586 501; x_wconf 83' lang='lat' dir='ltr'>menquaesuamsibissdcmabinterpolatis</span> <span class='ocrx_word' id='word_1_11' title='bbox 593 418 1122 491; x_wconf 82' lang='lat' dir='ltr'>ilorumsoripurisrindioentquainreee·</span> 
     </span>
     <span class='ocr_line' id='line_1_4' title="bbox 71 503 1122 578; baseline -0.011 -7"><span class='ocrx_word' id='word_1_12' title='bbox 71 515 203 572; x_wconf 76' lang='lat' dir='ltr'>sentientes</span> <span class='ocrx_word' id='word_1_13' title='bbox 214 524 270 565; x_wconf 88' lang='lat' dir='ltr'>curn</span> <span class='ocrx_word' id='word_1_14' title='bbox 281 509 394 564; x_wconf 90' lang='lat' dir='ltr'>alterutra</span> <span class='ocrx_word' id='word_1_15' title='bbox 403 515 473 578; x_wconf 90' lang='lat' dir='ltr'>parte</span> <span class='ocrx_word' id='word_1_16' title='bbox 482 511 594 562; x_wconf 88' lang='lat' dir='ltr'>recentes</span> <span class='ocrx_word' id='word_1_17' title='bbox 607 510 663 560; x_wconf 90' lang='lat' dir='ltr'>octo</span> <span class='ocrx_word' id='word_1_18' title='bbox 675 504 791 560; x_wconf 81' lang='lat' dir='ltr'>libtorum</span> <span class='ocrx_word' id='word_1_19' title='bbox 803 503 899 559; x_wconf 89' lang='lat' dir='ltr'>codices</span> <span class='ocrx_word' id='word_1_20' title='bbox 918 503 1026 575; x_wconf 89' lang='lat' dir='ltr'>aliquam</span> <span class='ocrx_word' id='word_1_21' title='bbox 1041 505 1085 560; x_wconf 88' lang='lat' dir='ltr'>rinr</span> <span class='ocrx_word' id='word_1_22' title='bbox 1098 503 1122 559; x_wconf 83' lang='lat' dir='ltr'>ad</span> 
     </span>
     <span class='ocr_line' id='line_1_5' title="bbox 72 588 1122 666; baseline -0.01 -11"><span class='ocrx_word' id='word_1_23' title='bbox 72 598 189 655; x_wconf 89' lang='lat' dir='ltr'>iudicium</span> <span class='ocrx_word' id='word_1_24' title='bbox 197 592 332 666; x_wconf 89' lang='lat' dir='ltr'>regendum</span> <span class='ocrx_word' id='word_1_25' title='bbox 341 590 430 646; x_wconf 85' lang='lat' dir='ltr'>babere</span> <span class='ocrx_word' id='word_1_26' title='bbox 439 590 553 662; x_wconf 81' lang='lat' dir='ltr'>cognovi</span> <span class='ocrx_word' id='word_1_27' title='bbox 567 589 667 653; x_wconf 85' lang='lat' dir='ltr'>iieninr.</span> <span class='ocrx_word' id='word_1_28' title='bbox 678 595 706 643; x_wconf 92' lang='lat' dir='ltr'>ut</span> <span class='ocrx_word' id='word_1_29' title='bbox 716 588 822 644; x_wconf 90' lang='lat' dir='ltr'>medium</span> <span class='ocrx_word' id='word_1_30' title='bbox 832 588 895 642; x_wconf 87' lang='lat' dir='ltr'>inter</span> <span class='ocrx_word' id='word_1_31' title='bbox 905 593 1036 660; x_wconf 89' lang='lat' dir='ltr'>utramque</span> <span class='ocrx_word' id='word_1_32' title='bbox 1045 592 1122 644; x_wconf 70' lang='lat' dir='ltr'>seem</span> 
     </span>
     <span class='ocr_line' id='line_1_6' title="bbox 71 671 1121 747; baseline -0.011 -9"><span class='ocrx_word' id='word_1_33' title='bbox 71 684 155 738; x_wconf 88' lang='lat' dir='ltr'>locum</span> <span class='ocrx_word' id='word_1_34' title='bbox 160 684 250 742; x_wconf 87' lang='lat' dir='ltr'>tenent,</span> <span class='ocrx_word' id='word_1_35' title='bbox 262 677 296 732; x_wconf 90' lang='lat' dir='ltr'>ita</span> <span class='ocrx_word' id='word_1_36' title='bbox 304 677 451 747; x_wconf 84' lang='lat' dir='ltr'>plerumque,</span> <span class='ocrx_word' id='word_1_37' title='bbox 461 675 554 745; x_wconf 77' lang='lat' dir='ltr'>siquae</span> <span class='ocrx_word' id='word_1_38' title='bbox 563 672 745 743; x_wconf 69' lang='lat' dir='ltr'><strong>interpolatim</strong></span> <span class='ocrx_word' id='word_1_39' title='bbox 755 673 781 726; x_wconf 92' lang='lat' dir='ltr'>in</span> <span class='ocrx_word' id='word_1_40' title='bbox 790 673 903 728; x_wconf 89' lang='lat' dir='ltr'>alterutra</span> <span class='ocrx_word' id='word_1_41' title='bbox 910 671 1031 738; x_wconf 76' lang='lat' dir='ltr'>labomnt,</span> <span class='ocrx_word' id='word_1_42' title='bbox 1043 685 1121 728; x_wconf 88' lang='lat' dir='ltr'>cumea</span> 
     </span>
     <span class='ocr_line' id='line_1_7' title="bbox 71 755 1121 839; baseline -0.007 -20"><span class='ocrx_word' id='word_1_43' title='bbox 71 780 135 839; x_wconf 87' lang='lat' dir='ltr'>quae</span> <span class='ocrx_word' id='word_1_44' title='bbox 144 765 264 834; x_wconf 85' lang='lat' dir='ltr'>integram</span> <span class='ocrx_word' id='word_1_45' title='bbox 273 761 415 831; x_wconf 87' lang='lat' dir='ltr'>scn&#39;pturam</span> <span class='ocrx_word' id='word_1_46' title='bbox 426 758 528 814; x_wconf 86' lang='lat' dir='ltr'>servavit</span> <span class='ocrx_word' id='word_1_47' title='bbox 539 757 644 820; x_wconf 81' lang='lat' dir='ltr'>iaciunt;</span> <span class='ocrx_word' id='word_1_48' title='bbox 666 771 741 829; x_wconf 90' lang='lat' dir='ltr'>eaque</span> <span class='ocrx_word' id='word_1_49' title='bbox 756 756 809 826; x_wconf 90' lang='lat' dir='ltr'>ipsa</span> <span class='ocrx_word' id='word_1_50' title='bbox 817 770 856 810; x_wconf 90' lang='lat' dir='ltr'>res</span> <span class='ocrx_word' id='word_1_51' title='bbox 867 755 1018 812; x_wconf 88' lang='lat' dir='ltr'>documento</span> <span class='ocrx_word' id='word_1_52' title='bbox 1030 769 1121 827; x_wconf 80' lang='lat' dir='ltr'>essepe</span> 
     </span>
     <span class='ocr_line' id='line_1_8' title="bbox 73 839 1121 916; baseline -0.009 -12"><span class='ocrx_word' id='word_1_53' title='bbox 73 857 123 905; x_wconf 78' lang='lat' dir='ltr'>test</span> <span class='ocrx_word' id='word_1_54' title='bbox 135 848 208 903; x_wconf 75' lang='lat' dir='ltr'>edam</span> <span class='ocrx_word' id='word_1_55' title='bbox 218 846 243 900; x_wconf 94' lang='lat' dir='ltr'>in</span> <span class='ocrx_word' id='word_1_56' title='bbox 254 843 426 916; x_wconf 73' lang='lat' dir='ltr'>posterioribus</span> <span class='ocrx_word' id='word_1_57' title='bbox 436 842 517 906; x_wconf 88' lang='lat' dir='ltr'>libris,</span> <span class='ocrx_word' id='word_1_58' title='bbox 530 841 554 896; x_wconf 94' lang='lat' dir='ltr'>in</span> <span class='ocrx_word' id='word_1_59' title='bbox 564 840 651 913; x_wconf 90' lang='lat' dir='ltr'>quibus</span> <span class='ocrx_word' id='word_1_60' title='bbox 661 846 756 911; x_wconf 88' lang='lat' dir='ltr'>praeter</span> <span class='ocrx_word' id='word_1_61' title='bbox 766 839 901 895; x_wconf 84' lang='lat' dir='ltr'>Mediceum</span> <span class='ocrx_word' id='word_1_62' title='bbox 910 839 959 895; x_wconf 90' lang='lat' dir='ltr'>soli</span> <span class='ocrx_word' id='word_1_63' title='bbox 969 847 1079 896; x_wconf 87' lang='lat' dir='ltr'>recentes</span> <span class='ocrx_word' id='word_1_64' title='bbox 1088 854 1121 895; x_wconf 71' lang='lat' dir='ltr'>ee</span> 
     </span>
     <span class='ocr_line' id='line_1_9' title="bbox 71 924 1120 997; baseline -0.01 -8"><span class='ocrx_word' id='word_1_65' title='bbox 71 934 140 990; x_wconf 80' lang='lat' dir='ltr'>dices</span> <span class='ocrx_word' id='word_1_66' title='bbox 150 930 227 987; x_wconf 89' lang='lat' dir='ltr'>relicti</span> <span class='ocrx_word' id='word_1_67' title='bbox 240 935 311 993; x_wconf 80' lang='lat' dir='ltr'>mant,</span> <span class='ocrx_word' id='word_1_68' title='bbox 322 927 443 983; x_wconf 87' lang='lat' dir='ltr'>interdum</span> <span class='ocrx_word' id='word_1_69' title='bbox 454 925 496 981; x_wconf 91' lang='lat' dir='ltr'>illo</span> <span class='ocrx_word' id='word_1_70' title='bbox 507 931 588 997; x_wconf 91' lang='lat' dir='ltr'>spreto</span> <span class='ocrx_word' id='word_1_71' title='bbox 597 924 642 980; x_wconf 90' lang='lat' dir='ltr'>hos</span> <span class='ocrx_word' id='word_1_72' title='bbox 652 925 759 996; x_wconf 86' lang='lat' dir='ltr'>quamvis</span> <span class='ocrx_word' id='word_1_73' title='bbox 773 924 850 979; x_wconf 89' lang='lat' dir='ltr'>multo</span> <span class='ocrx_word' id='word_1_74' title='bbox 859 924 1025 994; x_wconf 78' lang='lat' dir='ltr'>corruptiores</span> <span class='ocrx_word' id='word_1_75' title='bbox 1034 938 1120 996; x_wconf 77' lang='lat' dir='ltr'>sequen</span> 
     </span>
     <span class='ocr_line' id='line_1_10' title="bbox 73 1007 1121 1084; baseline -0.011 -10"><span class='ocrx_word' id='word_1_76' title='bbox 73 1018 118 1073; x_wconf 89' lang='lat' dir='ltr'>dos</span> <span class='ocrx_word' id='word_1_77' title='bbox 139 1030 201 1072; x_wconf 89' lang='lat' dir='ltr'>esse.</span> <span class='ocrx_word' id='word_1_78' title='bbox 233 1026 311 1084; x_wconf 79' lang='lat' dir='ltr'>neque</span> <span class='ocrx_word' id='word_1_79' title='bbox 330 1010 482 1082; x_wconf 87' lang='lat' dir='ltr'>neglegenda</span> <span class='ocrx_word' id='word_1_80' title='bbox 492 1009 517 1064; x_wconf 92' lang='lat' dir='ltr'>in</span> <span class='ocrx_word' id='word_1_81' title='bbox 527 1008 573 1064; x_wconf 91' lang='lat' dir='ltr'>bac</span> <span class='ocrx_word' id='word_1_82' title='bbox 584 1015 650 1064; x_wconf 91' lang='lat' dir='ltr'>certe</span> <span class='ocrx_word' id='word_1_83' title='bbox 666 1009 822 1078; x_wconf 74' lang='lat' dir='ltr'>epistularum</span> <span class='ocrx_word' id='word_1_84' title='bbox 831 1013 900 1078; x_wconf 91' lang='lat' dir='ltr'>parte</span> <span class='ocrx_word' id='word_1_85' title='bbox 911 1008 1000 1063; x_wconf 79' lang='lat' dir='ltr'>Aldina</span> <span class='ocrx_word' id='word_1_86' title='bbox 1010 1009 1086 1065; x_wconf 89' lang='lat' dir='ltr'>editio.</span> <span class='ocrx_word' id='word_1_87' title='bbox 1101 1007 1121 1062; x_wconf 87' lang='lat' dir='ltr'>iu</span> 
     </span>
     <span class='ocr_line' id='line_1_11' title="bbox 74 1091 1121 1172; baseline -0.004 -19"><span class='ocrx_word' id='word_1_88' title='bbox 74 1115 121 1172; x_wconf 89' lang='lat' dir='ltr'>qua</span> <span class='ocrx_word' id='word_1_89' title='bbox 131 1114 187 1153; x_wconf 90' lang='lat' dir='ltr'>cum</span> <span class='ocrx_word' id='word_1_90' title='bbox 195 1096 271 1152; x_wconf 89' lang='lat' dir='ltr'>multa</span> <span class='ocrx_word' id='word_1_91' title='bbox 282 1109 343 1166; x_wconf 91' lang='lat' dir='ltr'>quae</span> <span class='ocrx_word' id='word_1_92' title='bbox 354 1101 410 1149; x_wconf 91' lang='lat' dir='ltr'>ante</span> <span class='ocrx_word' id='word_1_93' title='bbox 420 1108 451 1149; x_wconf 80' lang='lat' dir='ltr'>ex</span> <span class='ocrx_word' id='word_1_94' title='bbox 466 1093 603 1148; x_wconf 78' lang='lat' dir='ltr'>recentibus</span> <span class='ocrx_word' id='word_1_95' title='bbox 614 1092 738 1148; x_wconf 83' lang='lat' dir='ltr'>codicibus</span> <span class='ocrx_word' id='word_1_96' title='bbox 754 1091 934 1162; x_wconf 85' lang='lat' dir='ltr'>corruptissime</span> <span class='ocrx_word' id='word_1_97' title='bbox 944 1107 1059 1162; x_wconf 79' lang='lat' dir='ltr'>expressa</span> <span class='ocrx_word' id='word_1_98' title='bbox 1066 1093 1121 1164; x_wconf 80' lang='lat' dir='ltr'>leqe</span> 
     </span>
     <span class='ocr_line' id='line_1_12' title="bbox 74 1175 1121 1252; baseline -0.007 -13"><span class='ocrx_word' id='word_1_99' title='bbox 74 1184 162 1239; x_wconf 89' lang='lat' dir='ltr'>bantur</span> <span class='ocrx_word' id='word_1_100' title='bbox 175 1181 281 1252; x_wconf 88' lang='lat' dir='ltr'>primum</span> <span class='ocrx_word' id='word_1_101' title='bbox 298 1178 331 1233; x_wconf 90' lang='lat' dir='ltr'>ita</span> <span class='ocrx_word' id='word_1_102' title='bbox 349 1184 377 1234; x_wconf 92' lang='lat' dir='ltr'>ut</span> <span class='ocrx_word' id='word_1_103' title='bbox 393 1183 475 1248; x_wconf 87' lang='lat' dir='ltr'>postea</span> <span class='ocrx_word' id='word_1_104' title='bbox 492 1176 516 1232; x_wconf 90' lang='lat' dir='ltr'>in</span> <span class='ocrx_word' id='word_1_105' title='bbox 527 1177 634 1233; x_wconf 87' lang='lat' dir='ltr'>llediceo</span> <span class='ocrx_word' id='word_1_106' title='bbox 652 1175 736 1232; x_wconf 88' lang='lat' dir='ltr'>codice</span> <span class='ocrx_word' id='word_1_107' title='bbox 746 1176 842 1231; x_wconf 86' lang='lat' dir='ltr'>inventa</span> <span class='ocrx_word' id='word_1_108' title='bbox 851 1181 909 1230; x_wconf 88' lang='lat' dir='ltr'>sunt</span> <span class='ocrx_word' id='word_1_109' title='bbox 927 1184 1039 1232; x_wconf 91' lang='lat' dir='ltr'>correcta</span> <span class='ocrx_word' id='word_1_110' title='bbox 1049 1184 1121 1238; x_wconf 74' lang='lat' dir='ltr'>ecurt</span> 
     </span>
     <span class='ocr_line' id='line_1_13' title="bbox 75 1260 1122 1332; baseline -0.008 -10"><span class='ocrx_word' id='word_1_111' title='bbox 75 1267 135 1322; x_wconf 90' lang='lat' dir='ltr'>aliae</span> <span class='ocrx_word' id='word_1_112' title='bbox 145 1265 197 1319; x_wconf 91' lang='lat' dir='ltr'>eius</span> <span class='ocrx_word' id='word_1_113' title='bbox 208 1261 299 1318; x_wconf 83' lang='lat' dir='ltr'>codicis</span> <span class='ocrx_word' id='word_1_114' title='bbox 308 1261 453 1332; x_wconf 83' lang='lat' dir='ltr'>scripturae,</span> <span class='ocrx_word' id='word_1_115' title='bbox 476 1275 545 1331; x_wconf 85' lang='lat' dir='ltr'>quae,</span> <span class='ocrx_word' id='word_1_116' title='bbox 566 1266 594 1315; x_wconf 89' lang='lat' dir='ltr'>ut</span> <span class='ocrx_word' id='word_1_117' title='bbox 604 1261 634 1315; x_wconf 89' lang='lat' dir='ltr'>de</span> <span class='ocrx_word' id='word_1_118' title='bbox 645 1260 830 1331; x_wconf 89' lang='lat' dir='ltr'>interpolatione</span> <span class='ocrx_word' id='word_1_119' title='bbox 842 1264 1122 1330; x_wconf 84' lang='lat' dir='ltr'>persesuspectaesmt</span> 
     </span>
     <span class='ocr_line' id='line_1_14' title="bbox 75 1342 1122 1415; baseline -0.008 -9"><span class='ocrx_word' id='word_1_120' title='bbox 75 1352 108 1406; x_wconf 88' lang='lat' dir='ltr'>ita</span> <span class='ocrx_word' id='word_1_121' title='bbox 119 1347 149 1404; x_wconf 91' lang='lat' dir='ltr'>ab</span> <span class='ocrx_word' id='word_1_122' title='bbox 160 1348 230 1411; x_wconf 76' lang='lat' dir='ltr'>bido,</span> <span class='ocrx_word' id='word_1_123' title='bbox 248 1345 304 1401; x_wconf 91' lang='lat' dir='ltr'>siin</span> <span class='ocrx_word' id='word_1_124' title='bbox 316 1362 360 1401; x_wconf 90' lang='lat' dir='ltr'>sno</span> <span class='ocrx_word' id='word_1_125' title='bbox 371 1344 455 1401; x_wconf 88' lang='lat' dir='ltr'>codiee</span> <span class='ocrx_word' id='word_1_126' title='bbox 463 1345 600 1410; x_wconf 81' lang='lat' dir='ltr'>inuenisset,</span> <span class='ocrx_word' id='word_1_127' title='bbox 610 1344 650 1399; x_wconf 81' lang='lat' dir='ltr'>rix</span> <span class='ocrx_word' id='word_1_128' title='bbox 662 1345 765 1400; x_wconf 86' lang='lat' dir='ltr'>omissae</span> <span class='ocrx_word' id='word_1_129' title='bbox 774 1350 854 1399; x_wconf 82' lang='lat' dir='ltr'>essem</span> <span class='ocrx_word' id='word_1_130' title='bbox 864 1359 914 1398; x_wconf 92' lang='lat' dir='ltr'>non</span> <span class='ocrx_word' id='word_1_131' title='bbox 924 1351 1050 1415; x_wconf 81' lang='lat' dir='ltr'>apparent</span> <span class='ocrx_word' id='word_1_132' title='bbox 1069 1342 1122 1398; x_wconf 78' lang='lat' dir='ltr'>inde</span> 
     </span>
     <span class='ocr_line' id='line_1_15' title="bbox 72 1426 1168 1505; baseline -0.006 -16"><span class='ocrx_word' id='word_1_133' title='bbox 72 1435 171 1489; x_wconf 86' lang='lat' dir='ltr'>sirecte</span> <span class='ocrx_word' id='word_1_134' title='bbox 181 1430 320 1502; x_wconf 85' lang='lat' dir='ltr'>colligimus</span> <span class='ocrx_word' id='word_1_135' title='bbox 326 1428 444 1485; x_wconf 87' lang='lat' dir='ltr'>Gallicum</span> <span class='ocrx_word' id='word_1_136' title='bbox 452 1428 505 1484; x_wconf 79' lang='lat' dir='ltr'>tldi</span> <span class='ocrx_word' id='word_1_137' title='bbox 515 1429 631 1492; x_wconf 84' lang='lat' dir='ltr'>codicem,</span> <span class='ocrx_word' id='word_1_138' title='bbox 642 1426 750 1483; x_wconf 78' lang='lat' dir='ltr'>Mediceo</span> <span class='ocrx_word' id='word_1_139' title='bbox 760 1428 785 1482; x_wconf 95' lang='lat' dir='ltr'>in</span> <span class='ocrx_word' id='word_1_140' title='bbox 797 1428 882 1481; x_wconf 88' lang='lat' dir='ltr'>ceteris</span> <span class='ocrx_word' id='word_1_141' title='bbox 893 1427 1052 1492; x_wconf 75' lang='lat' dir='ltr'>simillimum,</span> <span class='ocrx_word' id='word_1_142' title='bbox 1062 1427 1123 1482; x_wconf 89' lang='lat' dir='ltr'>inter·</span> <span class='ocrx_word' id='word_1_143' title='bbox 1158 1436 1168 1505; x_wconf 48' lang='grc' dir='ltr'>’ς</span> 
     </span>
     <span class='ocr_line' id='line_1_16' title="bbox 74 1509 1168 1588; baseline -0.006 -15"><span class='ocrx_word' id='word_1_144' title='bbox 74 1517 196 1588; x_wconf 91' lang='lat' dir='ltr'>polatione</span> <span class='ocrx_word' id='word_1_145' title='bbox 211 1515 274 1570; x_wconf 90' lang='lat' dir='ltr'>illius</span> <span class='ocrx_word' id='word_1_146' title='bbox 286 1514 405 1577; x_wconf 85' lang='lat' dir='ltr'>carnisse,</span> <span class='ocrx_word' id='word_1_147' title='bbox 415 1512 523 1583; x_wconf 89' lang='lat' dir='ltr'>sequitur</span> <span class='ocrx_word' id='word_1_148' title='bbox 536 1513 562 1567; x_wconf 92' lang='lat' dir='ltr'>in</span> <span class='ocrx_word' id='word_1_149' title='bbox 571 1511 656 1567; x_wconf 76' lang='lat' dir='ltr'>Aldina</span> <span class='ocrx_word' id='word_1_150' title='bbox 665 1512 783 1582; x_wconf 87' lang='lat' dir='ltr'>scriptura</span> <span class='ocrx_word' id='word_1_151' title='bbox 793 1525 849 1565; x_wconf 87' lang='lat' dir='ltr'>cunr</span> <span class='ocrx_word' id='word_1_152' title='bbox 860 1509 970 1566; x_wconf 86' lang='lat' dir='ltr'>llediceo</span> <span class='ocrx_word' id='word_1_153' title='bbox 983 1511 1067 1569; x_wconf 88' lang='lat' dir='ltr'>codice</span> <span class='ocrx_word' id='word_1_154' title='bbox 1075 1525 1122 1566; x_wconf 88' lang='lat' dir='ltr'>cou-</span> <span class='ocrx_word' id='word_1_155' title='bbox 1166 1542 1168 1551; x_wconf 81' lang='lat'><em>=</em></span> 
     </span>
     <span class='ocr_line' id='line_1_17' title="bbox 74 1592 1123 1668; baseline -0.006 -14"><span class='ocrx_word' id='word_1_156' title='bbox 74 1600 194 1655; x_wconf 88' lang='lat' dir='ltr'>sentiente</span> <span class='ocrx_word' id='word_1_157' title='bbox 202 1612 318 1668; x_wconf 87' lang='lat' dir='ltr'>magnum</span> <span class='ocrx_word' id='word_1_158' title='bbox 328 1610 382 1651; x_wconf 87' lang='lat' dir='ltr'>esse</span> <span class='ocrx_word' id='word_1_159' title='bbox 392 1595 422 1651; x_wconf 90' lang='lat' dir='ltr'>ad</span> <span class='ocrx_word' id='word_1_160' title='bbox 437 1594 508 1650; x_wconf 89' lang='lat' dir='ltr'>buius</span> <span class='ocrx_word' id='word_1_161' title='bbox 524 1595 690 1650; x_wconf 90' lang='lat' dir='ltr'>auctoritatem</span> <span class='ocrx_word' id='word_1_162' title='bbox 705 1594 885 1650; x_wconf 83' lang='lat' dir='ltr'>sustentandam</span> <span class='ocrx_word' id='word_1_163' title='bbox 900 1603 1061 1651; x_wconf 86' lang='lat' dir='ltr'>momentum</span> <span class='ocrx_word' id='word_1_164' title='bbox 1088 1592 1123 1648; x_wconf 89' lang='lat' dir='ltr'>sed</span> 
     </span>
     <span class='ocr_line' id='line_1_18' title="bbox 72 1677 1123 1752; baseline -0.006 -14"><span class='ocrx_word' id='word_1_165' title='bbox 72 1683 154 1738; x_wconf 87' lang='lat' dir='ltr'>cautio</span> <span class='ocrx_word' id='word_1_166' title='bbox 166 1687 191 1736; x_wconf 90' lang='lat' dir='ltr'>et</span> <span class='ocrx_word' id='word_1_167' title='bbox 205 1680 330 1752; x_wconf 84' lang='lat' dir='ltr'>diligentia</span> <span class='ocrx_word' id='word_1_168' title='bbox 339 1678 474 1734; x_wconf 87' lang='lat' dir='ltr'>adhibenda</span> <span class='ocrx_word' id='word_1_169' title='bbox 484 1684 528 1742; x_wconf 80' lang='lat' dir='ltr'>est</span> <span class='ocrx_word' id='word_1_170' title='bbox 539 1686 570 1733; x_wconf 88' lang='lat' dir='ltr'>ne</span> <span class='ocrx_word' id='word_1_171' title='bbox 580 1683 621 1732; x_wconf 91' lang='lat' dir='ltr'>ant</span> <span class='ocrx_word' id='word_1_172' title='bbox 631 1679 655 1733; x_wconf 89' lang='lat' dir='ltr'>in</span> <span class='ocrx_word' id='word_1_173' title='bbox 666 1679 733 1734; x_wconf 92' lang='lat' dir='ltr'>libris</span> <span class='ocrx_word' id='word_1_174' title='bbox 741 1684 854 1751; x_wconf 89' lang='lat' dir='ltr'>quattuor</span> <span class='ocrx_word' id='word_1_175' title='bbox 863 1679 954 1747; x_wconf 75' lang='lat' dir='ltr'>primis</span> <span class='ocrx_word' id='word_1_176' title='bbox 968 1679 993 1734; x_wconf 93' lang='lat' dir='ltr'>in</span> <span class='ocrx_word' id='word_1_177' title='bbox 1004 1679 1089 1750; x_wconf 88' lang='lat' dir='ltr'>quibus</span> <span class='ocrx_word' id='word_1_178' title='bbox 1096 1677 1123 1732; x_wconf 85' lang='lat' dir='ltr'>ri·</span> 
     </span>
     <span class='ocr_line' id='line_1_19' title="bbox 74 1762 1125 1835; baseline -0.004 -14"><span class='ocrx_word' id='word_1_179' title='bbox 74 1767 144 1822; x_wconf 79' lang='lat' dir='ltr'>miles</span> <span class='ocrx_word' id='word_1_180' title='bbox 154 1764 261 1820; x_wconf 86' lang='lat' dir='ltr'>blediceo</span> <span class='ocrx_word' id='word_1_181' title='bbox 273 1763 350 1818; x_wconf 91' lang='lat' dir='ltr'>codici</span> <span class='ocrx_word' id='word_1_182' title='bbox 360 1763 492 1832; x_wconf 87' lang='lat' dir='ltr'>scripturae</span> <span class='ocrx_word' id='word_1_183' title='bbox 502 1776 533 1817; x_wconf 78' lang='lat' dir='ltr'>es</span> <span class='ocrx_word' id='word_1_184' title='bbox 543 1762 656 1817; x_wconf 85' lang='lat' dir='ltr'>Vaticano</span> <span class='ocrx_word' id='word_1_185' title='bbox 665 1777 709 1832; x_wconf 93' lang='lat' dir='ltr'>per</span> <span class='ocrx_word' id='word_1_186' title='bbox 720 1763 828 1833; x_wconf 81' lang='lat' dir='ltr'>exempla</span> <span class='ocrx_word' id='word_1_187' title='bbox 844 1768 899 1816; x_wconf 85' lang='lat' dir='ltr'>ante</span> <span class='ocrx_word' id='word_1_188' title='bbox 917 1763 1036 1832; x_wconf 88' lang='lat' dir='ltr'>impressa</span> <span class='ocrx_word' id='word_1_189' title='bbox 1051 1775 1125 1835; x_wconf 87' lang='lat' dir='ltr'>prepa-</span> 
     </span>
     <span class='ocr_line' id='line_1_20' title="bbox 76 1844 1169 1922; baseline -0.002 -18"><span class='ocrx_word' id='word_1_190' title='bbox 76 1856 149 1922; x_wconf 86' lang='lat' dir='ltr'>gatae</span> <span class='ocrx_word' id='word_1_191' title='bbox 160 1853 241 1912; x_wconf 85' lang='lat' dir='ltr'>erant,</span> <span class='ocrx_word' id='word_1_192' title='bbox 253 1845 352 1901; x_wconf 89' lang='lat' dir='ltr'>eandem</span> <span class='ocrx_word' id='word_1_193' title='bbox 363 1846 412 1900; x_wconf 89' lang='lat' dir='ltr'>vim</span> <span class='ocrx_word' id='word_1_194' title='bbox 422 1845 483 1901; x_wconf 75' lang='lat' dir='ltr'>Aldu</span> <span class='ocrx_word' id='word_1_195' title='bbox 497 1846 643 1911; x_wconf 78' lang='lat' dir='ltr'>tribuamus,</span> <span class='ocrx_word' id='word_1_196' title='bbox 663 1847 739 1901; x_wconf 88' lang='lat' dir='ltr'>autin</span> <span class='ocrx_word' id='word_1_197' title='bbox 750 1845 847 1918; x_wconf 91' lang='lat' dir='ltr'>reliquis</span> <span class='ocrx_word' id='word_1_198' title='bbox 857 1844 974 1901; x_wconf 83' lang='lat' dir='ltr'>Italorum</span> <span class='ocrx_word' id='word_1_199' title='bbox 985 1846 1126 1902; x_wconf 77' lang='lat' dir='ltr'>coniectus</span> <span class='ocrx_word' id='word_1_200' title='bbox 1166 1870 1169 1875; x_wconf 90' lang='lat'><strong>·</strong></span> 
     </span>
     <span class='ocr_line' id='line_1_21' title="bbox 77 1929 1126 2004; baseline -0.004 -17"><span class='ocrx_word' id='word_1_201' title='bbox 77 1949 120 2004; x_wconf 91' lang='lat' dir='ltr'>pro</span> <span class='ocrx_word' id='word_1_202' title='bbox 132 1932 223 2003; x_wconf 83' lang='lat' dir='ltr'>antiqui</span> <span class='ocrx_word' id='word_1_203' title='bbox 234 1930 324 1986; x_wconf 90' lang='lat' dir='ltr'>codicis</span> <span class='ocrx_word' id='word_1_204' title='bbox 334 1930 460 2000; x_wconf 89' lang='lat' dir='ltr'>scripturis</span> <span class='ocrx_word' id='word_1_205' title='bbox 470 1929 649 2000; x_wconf 90' lang='lat' dir='ltr'>amplectamur.</span> <span class='ocrx_word' id='word_1_206' title='bbox 681 1929 783 2001; x_wconf 89' lang='lat' dir='ltr'>denique</span> <span class='ocrx_word' id='word_1_207' title='bbox 793 1931 818 1984; x_wconf 90' lang='lat' dir='ltr'>in</span> <span class='ocrx_word' id='word_1_208' title='bbox 831 1936 915 1985; x_wconf 84' lang='lat' dir='ltr'>octauo</span> <span class='ocrx_word' id='word_1_209' title='bbox 927 1930 991 1985; x_wconf 90' lang='lat' dir='ltr'>libro</span> <span class='ocrx_word' id='word_1_210' title='bbox 1003 1931 1081 1986; x_wconf 87' lang='lat' dir='ltr'>omnis</span> <span class='ocrx_word' id='word_1_211' title='bbox 1090 1943 1126 2000; x_wconf 83' lang='lat' dir='ltr'>pe</span> 
     </span>
     <span class='ocr_line' id='line_1_22' title="bbox 74 2011 1127 2084; baseline -0.003 -13"><span class='ocrx_word' id='word_1_212' title='bbox 74 2031 119 2071; x_wconf 82' lang='lat' dir='ltr'>nes</span> <span class='ocrx_word' id='word_1_213' title='bbox 130 2015 217 2070; x_wconf 79' lang='lat' dir='ltr'>lidum</span> <span class='ocrx_word' id='word_1_214' title='bbox 234 2020 259 2069; x_wconf 86' lang='lat' dir='ltr'>et</span> <span class='ocrx_word' id='word_1_215' title='bbox 269 2012 403 2071; x_wconf 88' lang='lat' dir='ltr'>liediceum</span> <span class='ocrx_word' id='word_1_216' title='bbox 415 2013 524 2068; x_wconf 86' lang='lat' dir='ltr'>codicem</span> <span class='ocrx_word' id='word_1_217' title='bbox 531 2013 660 2069; x_wconf 85' lang='lat' dir='ltr'>auctoritas</span> <span class='ocrx_word' id='word_1_218' title='bbox 678 2020 727 2078; x_wconf 88' lang='lat' dir='ltr'>est;</span> <span class='ocrx_word' id='word_1_219' title='bbox 748 2015 774 2069; x_wconf 91' lang='lat' dir='ltr'>in</span> <span class='ocrx_word' id='word_1_220' title='bbox 794 2013 877 2084; x_wconf 84' lang='lat' dir='ltr'>paucis</span> <span class='ocrx_word' id='word_1_221' title='bbox 900 2019 982 2068; x_wconf 89' lang='lat' dir='ltr'>autem</span> <span class='ocrx_word' id='word_1_222' title='bbox 1004 2013 1060 2070; x_wconf 88' lang='lat' dir='ltr'>libri</span> <span class='ocrx_word' id='word_1_223' title='bbox 1078 2011 1127 2068; x_wconf 90' lang='lat' dir='ltr'>noni</span> 
     </span>
     <span class='ocr_line' id='line_1_23' title="bbox 76 2097 1127 2171; baseline -0.003 -16"><span class='ocrx_word' id='word_1_224' title='bbox 76 2099 184 2171; x_wconf 84' lang='lat' dir='ltr'>epistulis</span> <span class='ocrx_word' id='word_1_225' title='bbox 195 2113 256 2171; x_wconf 91' lang='lat' dir='ltr'>qnae</span> <span class='ocrx_word' id='word_1_226' title='bbox 266 2098 291 2153; x_wconf 87' lang='lat' dir='ltr'>in</span> <span class='ocrx_word' id='word_1_227' title='bbox 301 2097 409 2155; x_wconf 89' lang='lat' dir='ltr'>llediceo</span> <span class='ocrx_word' id='word_1_228' title='bbox 428 2097 513 2153; x_wconf 86' lang='lat' dir='ltr'>codice</span> <span class='ocrx_word' id='word_1_229' title='bbox 524 2097 611 2153; x_wconf 87' lang='lat' dir='ltr'>desunt</span> <span class='ocrx_word' id='word_1_230' title='bbox 627 2103 722 2166; x_wconf 88' lang='lat' dir='ltr'>practer</span> <span class='ocrx_word' id='word_1_231' title='bbox 732 2097 820 2153; x_wconf 70' lang='lat' dir='ltr'>lidum</span> <span class='ocrx_word' id='word_1_232' title='bbox 830 2104 940 2153; x_wconf 85' lang='lat' dir='ltr'>recentes</span> <span class='ocrx_word' id='word_1_233' title='bbox 950 2104 1009 2153; x_wconf 84' lang='lat' dir='ltr'>octe</span> <span class='ocrx_word' id='word_1_234' title='bbox 1020 2098 1127 2154; x_wconf 87' lang='lat' dir='ltr'>librorum</span> 
     </span>
     <span class='ocr_line' id='line_1_24' title="bbox 75 2181 1128 2255; baseline -0.004 -16"><span class='ocrx_word' id='word_1_235' title='bbox 75 2184 173 2240; x_wconf 89' lang='lat' dir='ltr'>codices</span> <span class='ocrx_word' id='word_1_236' title='bbox 182 2183 229 2238; x_wconf 90' lang='lat' dir='ltr'>soli</span> <span class='ocrx_word' id='word_1_237' title='bbox 238 2183 263 2238; x_wconf 92' lang='lat' dir='ltr'>in</span> <span class='ocrx_word' id='word_1_238' title='bbox 275 2182 390 2238; x_wconf 83' lang='lat' dir='ltr'>auxilium</span> <span class='ocrx_word' id='word_1_239' title='bbox 400 2181 501 2236; x_wconf 82' lang='lat' dir='ltr'>vocandi</span> <span class='ocrx_word' id='word_1_240' title='bbox 511 2187 574 2237; x_wconf 91' lang='lat' dir='ltr'>suut.</span> <span class='ocrx_word' id='word_1_241' title='bbox 596 2196 657 2252; x_wconf 89' lang='lat' dir='ltr'>quae</span> <span class='ocrx_word' id='word_1_242' title='bbox 667 2195 723 2236; x_wconf 90' lang='lat' dir='ltr'>cum</span> <span class='ocrx_word' id='word_1_243' title='bbox 733 2181 766 2237; x_wconf 89' lang='lat' dir='ltr'>ita</span> <span class='ocrx_word' id='word_1_244' title='bbox 778 2188 870 2246; x_wconf 87' lang='lat' dir='ltr'>essent,</span> <span class='ocrx_word' id='word_1_245' title='bbox 892 2182 1028 2253; x_wconf 88' lang='lat' dir='ltr'>principem</span> <span class='ocrx_word' id='word_1_246' title='bbox 1039 2181 1128 2255; x_wconf 84' lang='lat' dir='ltr'>quiden</span> 
     </span>
     <span class='ocr_line' id='line_1_25' title="bbox 74 2260 1130 2337; baseline -0.007 -16"><span class='ocrx_word' id='word_1_247' title='bbox 74 2268 163 2322; x_wconf 88' lang='lat' dir='ltr'>ducem</span> <span class='ocrx_word' id='word_1_248' title='bbox 174 2281 246 2337; x_wconf 91' lang='lat' dir='ltr'>quem</span> <span class='ocrx_word' id='word_1_249' title='bbox 256 2279 369 2337; x_wconf 85' lang='lat' dir='ltr'>seqrerer</span> <span class='ocrx_word' id='word_1_250' title='bbox 379 2265 442 2334; x_wconf 83' lang='lat' dir='ltr'>elegi</span> <span class='ocrx_word' id='word_1_251' title='bbox 451 2263 585 2319; x_wconf 87' lang='lat' dir='ltr'>llediceum</span> <span class='ocrx_word' id='word_1_252' title='bbox 596 2264 717 2330; x_wconf 83' lang='lat' dir='ltr'>codicem,</span> <span class='ocrx_word' id='word_1_253' title='bbox 729 2266 771 2321; x_wconf 89' lang='lat' dir='ltr'>sed</span> <span class='ocrx_word' id='word_1_254' title='bbox 783 2266 817 2320; x_wconf 89' lang='lat' dir='ltr'>ita</span> <span class='ocrx_word' id='word_1_255' title='bbox 827 2271 908 2321; x_wconf 91' lang='lat' dir='ltr'>tamen</span> <span class='ocrx_word' id='word_1_256' title='bbox 917 2265 1055 2337; x_wconf 89' lang='lat' dir='ltr'>principem</span> <span class='ocrx_word' id='word_1_257' title='bbox 1063 2271 1103 2328; x_wconf 83' lang='lat' dir='ltr'>ut,</span> <span class='ocrx_word' id='word_1_258' title='bbox 1111 2260 1130 2318; x_wconf 89' lang='lat' dir='ltr'>si</span> 
     </span>
     <span class='ocr_line' id='line_1_26' title="bbox 75 2347 1129 2420; baseline -0.004 -16"><span class='ocrx_word' id='word_1_259' title='bbox 75 2350 114 2405; x_wconf 86' lang='lat' dir='ltr'>rel</span> <span class='ocrx_word' id='word_1_260' title='bbox 125 2364 164 2404; x_wconf 86' lang='lat' dir='ltr'>ree</span> <span class='ocrx_word' id='word_1_261' title='bbox 173 2348 279 2412; x_wconf 80' lang='lat' dir='ltr'>iuberet,</span> <span class='ocrx_word' id='word_1_262' title='bbox 301 2348 339 2403; x_wconf 83' lang='lat' dir='ltr'>rel</span> <span class='ocrx_word' id='word_1_263' title='bbox 349 2349 495 2420; x_wconf 90' lang='lat' dir='ltr'>reliquorum</span> <span class='ocrx_word' id='word_1_264' title='bbox 504 2347 620 2404; x_wconf 88' lang='lat' dir='ltr'>librorum</span> <span class='ocrx_word' id='word_1_265' title='bbox 630 2348 734 2405; x_wconf 81' lang='lat' dir='ltr'>rabones</span> <span class='ocrx_word' id='word_1_266' title='bbox 744 2349 926 2420; x_wconf 86' lang='lat' dir='ltr'>persuaderent,</span> <span class='ocrx_word' id='word_1_267' title='bbox 946 2365 1005 2405; x_wconf 90' lang='lat' dir='ltr'>eum</span> <span class='ocrx_word' id='word_1_268' title='bbox 1025 2350 1129 2406; x_wconf 73' lang='lat' dir='ltr'>dener</span> 
     </span>
     <span class='ocr_line' id='line_1_27' title="bbox 75 2432 1129 2506; baseline 0.002 -18"><span class='ocrx_word' id='word_1_269' title='bbox 75 2448 125 2489; x_wconf 90' lang='lat' dir='ltr'>non</span> <span class='ocrx_word' id='word_1_270' title='bbox 146 2432 288 2489; x_wconf 86' lang='lat' dir='ltr'>dubitarem.</span> <span class='ocrx_word' id='word_1_271' title='bbox 319 2438 391 2504; x_wconf 91' lang='lat' dir='ltr'>atque</span> <span class='ocrx_word' id='word_1_272' title='bbox 406 2447 454 2503; x_wconf 92' lang='lat' dir='ltr'>quo</span> <span class='ocrx_word' id='word_1_273' title='bbox 465 2432 555 2488; x_wconf 91' lang='lat' dir='ltr'>certius</span> <span class='ocrx_word' id='word_1_274' title='bbox 564 2438 686 2489; x_wconf 87' lang='lat' dir='ltr'>constaret</span> <span class='ocrx_word' id='word_1_275' title='bbox 695 2449 757 2506; x_wconf 90' lang='lat' dir='ltr'>quae</span> <span class='ocrx_word' id='word_1_276' title='bbox 767 2434 852 2504; x_wconf 90' lang='lat' dir='ltr'>optimi</span> <span class='ocrx_word' id='word_1_277' title='bbox 861 2434 952 2490; x_wconf 87' lang='lat' dir='ltr'>codicis</span> <span class='ocrx_word' id='word_1_278' title='bbox 962 2433 1012 2490; x_wconf 86' lang='lat' dir='ltr'>fide</span> <span class='ocrx_word' id='word_1_279' title='bbox 1021 2435 1129 2491; x_wconf 77' lang='lat' dir='ltr'>destitute</span> 
     </span>
     <span class='ocr_line' id='line_1_28' title="bbox 74 2515 1130 2590; baseline -0.001 -18"><span class='ocrx_word' id='word_1_280' title='bbox 74 2522 169 2581; x_wconf 83' lang='lat' dir='ltr'>essent,</span> <span class='ocrx_word' id='word_1_281' title='bbox 191 2515 367 2586; x_wconf 86' lang='lat' dir='ltr'>discrepantem</span> <span class='ocrx_word' id='word_1_282' title='bbox 382 2515 434 2571; x_wconf 90' lang='lat' dir='ltr'>eius</span> <span class='ocrx_word' id='word_1_283' title='bbox 450 2515 504 2571; x_wconf 89' lang='lat' dir='ltr'>libri</span> <span class='ocrx_word' id='word_1_284' title='bbox 514 2517 656 2588; x_wconf 87' lang='lat' dir='ltr'>scripturam</span> <span class='ocrx_word' id='word_1_285' title='bbox 665 2518 690 2572; x_wconf 91' lang='lat' dir='ltr'>in</span> <span class='ocrx_word' id='word_1_286' title='bbox 700 2517 749 2573; x_wconf 86' lang='lat' dir='ltr'>bne</span> <span class='ocrx_word' id='word_1_287' title='bbox 758 2518 910 2588; x_wconf 88' lang='lat' dir='ltr'>praelationis</span> <span class='ocrx_word' id='word_1_288' title='bbox 920 2518 1043 2575; x_wconf 84' lang='lat' dir='ltr'>adnotavi</span> <span class='ocrx_word' id='word_1_289' title='bbox 1064 2529 1130 2590; x_wconf 88' lang='lat' dir='ltr'>quam</span> 
     </span>
     <span class='ocr_line' id='line_1_29' title="bbox 76 2598 1130 2673; baseline 0.001 -19"><span class='ocrx_word' id='word_1_290' title='bbox 76 2600 170 2673; x_wconf 87' lang='lat' dir='ltr'>quando</span> <span class='ocrx_word' id='word_1_291' title='bbox 181 2599 327 2670; x_wconf 88' lang='lat' dir='ltr'>reliquorum</span> <span class='ocrx_word' id='word_1_292' title='bbox 337 2598 453 2655; x_wconf 91' lang='lat' dir='ltr'>librorum</span> <span class='ocrx_word' id='word_1_293' title='bbox 463 2601 604 2657; x_wconf 87' lang='lat' dir='ltr'>auctoritate</span> <span class='ocrx_word' id='word_1_294' title='bbox 614 2603 764 2666; x_wconf 79' lang='lat' dir='ltr'>mutaverim,</span> <span class='ocrx_word' id='word_1_295' title='bbox 777 2602 1070 2673; x_wconf 87' lang='lat' dir='ltr'>quandoconiecturisrel</span> <span class='ocrx_word' id='word_1_296' title='bbox 1075 2601 1130 2657; x_wconf 88' lang='lat' dir='ltr'>alio·</span> 
     </span>
     <span class='ocr_line' id='line_1_30' title="bbox 75 2682 1129 2757; baseline 0 -18"><span class='ocrx_word' id='word_1_297' title='bbox 75 2682 925 2757; x_wconf 61' lang='lat' dir='ltr'>rumrelmeisusussim,ilortiimibcneadbibitacognoscipoterit.</span> <span class='ocrx_word' id='word_1_298' title='bbox 947 2699 1129 2743; x_wconf 88' lang='lat' dir='ltr'>namcumcm·</span> 
     </span>
     <span class='ocr_line' id='line_1_31' title="bbox 74 2766 1129 2838; baseline -0.001 -16"><span class='ocrx_word' id='word_1_299' title='bbox 74 2767 115 2822; x_wconf 88' lang='lat' dir='ltr'>nia</span> <span class='ocrx_word' id='word_1_300' title='bbox 126 2766 273 2824; x_wconf 87' lang='lat' dir='ltr'>recensionis</span> <span class='ocrx_word' id='word_1_301' title='bbox 282 2767 399 2838; x_wconf 80' lang='lat' dir='ltr'>praesidia</span> <span class='ocrx_word' id='word_1_302' title='bbox 408 2782 474 2823; x_wconf 90' lang='lat' dir='ltr'>nunc</span> <span class='ocrx_word' id='word_1_303' title='bbox 482 2783 617 2838; x_wconf 89' lang='lat' dir='ltr'>proponere</span> <span class='ocrx_word' id='word_1_304' title='bbox 626 2784 676 2824; x_wconf 91' lang='lat' dir='ltr'>non</span> <span class='ocrx_word' id='word_1_305' title='bbox 691 2783 799 2838; x_wconf 82' lang='lat' dir='ltr'>possem,</span> <span class='ocrx_word' id='word_1_306' title='bbox 822 2771 905 2826; x_wconf 91' lang='lat' dir='ltr'>utilius</span> <span class='ocrx_word' id='word_1_307' title='bbox 927 2769 979 2824; x_wconf 90' lang='lat' dir='ltr'>iore</span> <span class='ocrx_word' id='word_1_308' title='bbox 1000 2767 1129 2826; x_wconf 77' lang='lat' dir='ltr'>existimari</span> 
     </span>
     <span class='ocr_line' id='line_1_32' title="bbox 75 2850 1131 2926; baseline -0.001 -21"><span class='ocrx_word' id='word_1_309' title='bbox 75 2850 147 2905; x_wconf 89' lang='lat' dir='ltr'>unius</span> <span class='ocrx_word' id='word_1_310' title='bbox 156 2850 310 2922; x_wconf 88' lang='lat' dir='ltr'>eiusdemque</span> <span class='ocrx_word' id='word_1_311' title='bbox 321 2851 405 2921; x_wconf 86' lang='lat' dir='ltr'>optimi</span> <span class='ocrx_word' id='word_1_312' title='bbox 415 2850 469 2906; x_wconf 91' lang='lat' dir='ltr'>libri</span> <span class='ocrx_word' id='word_1_313' title='bbox 478 2853 620 2923; x_wconf 88' lang='lat' dir='ltr'>scripturam</span> <span class='ocrx_word' id='word_1_314' title='bbox 631 2851 744 2907; x_wconf 81' lang='lat' dir='ltr'>exhibere</span> <span class='ocrx_word' id='word_1_315' title='bbox 753 2854 874 2926; x_wconf 88' lang='lat' dir='ltr'>integram</span> <span class='ocrx_word' id='word_1_316' title='bbox 885 2867 956 2925; x_wconf 89' lang='lat' dir='ltr'>quarn</span> <span class='ocrx_word' id='word_1_317' title='bbox 968 2853 1097 2910; x_wconf 88' lang='lat' dir='ltr'>collectam</span> <span class='ocrx_word' id='word_1_318' title='bbox 1102 2850 1131 2906; x_wconf 88' lang='lat' dir='ltr'>de</span> 
     </span>
     <span class='ocr_line' id='line_1_33' title="bbox 74 2932 1130 3009; baseline 0.003 -21"><span class='ocrx_word' id='word_1_319' title='bbox 74 2932 183 3004; x_wconf 89' lang='lat' dir='ltr'>pluribus</span> <span class='ocrx_word' id='word_1_320' title='bbox 193 2933 369 2990; x_wconf 87' lang='lat' dir='ltr'>multitudinem</span> <span class='ocrx_word' id='word_1_321' title='bbox 376 2950 527 3006; x_wconf 91' lang='lat' dir='ltr'>componere.</span> <span class='ocrx_word' id='word_1_322' title='bbox 538 2952 586 3008; x_wconf 92' lang='lat' dir='ltr'>quo</span> <span class='ocrx_word' id='word_1_323' title='bbox 597 2936 707 2991; x_wconf 88' lang='lat' dir='ltr'>instituto</span> <span class='ocrx_word' id='word_1_324' title='bbox 717 2942 745 2992; x_wconf 94' lang='lat' dir='ltr'>ut</span> <span class='ocrx_word' id='word_1_325' title='bbox 755 2936 856 2992; x_wconf 89' lang='lat' dir='ltr'>liberum</span> <span class='ocrx_word' id='word_1_326' title='bbox 865 2937 908 2992; x_wconf 92' lang='lat' dir='ltr'>uni</span> <span class='ocrx_word' id='word_1_327' title='bbox 919 2938 1006 3009; x_wconf 83' lang='lat' dir='ltr'>urique</span> <span class='ocrx_word' id='word_1_328' title='bbox 1018 2937 1130 2994; x_wconf 87' lang='lat' dir='ltr'>iudicium</span> 
     </span>
     <span class='ocr_line' id='line_1_34' title="bbox 74 3015 1130 3091; baseline 0.002 -19"><span class='ocrx_word' id='word_1_329' title='bbox 74 3030 129 3072; x_wconf 82' lang='lat' dir='ltr'>esse</span> <span class='ocrx_word' id='word_1_330' title='bbox 139 3015 218 3085; x_wconf 83' lang='lat' dir='ltr'>volui,</span> <span class='ocrx_word' id='word_1_331' title='bbox 234 3018 255 3072; x_wconf 89' lang='lat' dir='ltr'>si</span> <span class='ocrx_word' id='word_1_332' title='bbox 265 3018 306 3089; x_wconf 90' lang='lat' dir='ltr'>qui</span> <span class='ocrx_word' id='word_1_333' title='bbox 318 3018 418 3075; x_wconf 88' lang='lat' dir='ltr'>lledicei</span> <span class='ocrx_word' id='word_1_334' title='bbox 428 3019 518 3075; x_wconf 88' lang='lat' dir='ltr'>codicis</span> <span class='ocrx_word' id='word_1_335' title='bbox 527 3020 671 3089; x_wconf 89' lang='lat' dir='ltr'>scripturam</span> <span class='ocrx_word' id='word_1_336' title='bbox 681 3020 703 3074; x_wconf 91' lang='lat' dir='ltr'>ei</span> <span class='ocrx_word' id='word_1_337' title='bbox 716 3036 788 3091; x_wconf 90' lang='lat' dir='ltr'>quam</span> <span class='ocrx_word' id='word_1_338' title='bbox 797 3020 909 3076; x_wconf 91' lang='lat' dir='ltr'>substitui</span> <span class='ocrx_word' id='word_1_339' title='bbox 919 3028 1043 3091; x_wconf 89' lang='lat' dir='ltr'>praestare</span> <span class='ocrx_word' id='word_1_340' title='bbox 1052 3017 1130 3076; x_wconf 79' lang='lat' dir='ltr'>existi·</span> 
     </span>
     <span class='ocr_line' id='line_1_35' title="bbox 75 3099 1130 3174; baseline 0.004 -21"><span class='ocrx_word' id='word_1_341' title='bbox 75 3105 183 3164; x_wconf 80' lang='lat' dir='ltr'>merent,</span> <span class='ocrx_word' id='word_1_342' title='bbox 199 3099 224 3156; x_wconf 91' lang='lat' dir='ltr'>id</span> <span class='ocrx_word' id='word_1_343' title='bbox 231 3101 296 3172; x_wconf 92' lang='lat' dir='ltr'>quod</span> <span class='ocrx_word' id='word_1_344' title='bbox 307 3102 415 3159; x_wconf 83' lang='lat' dir='ltr'>futurum</span> <span class='ocrx_word' id='word_1_345' title='bbox 426 3118 479 3158; x_wconf 85' lang='lat' dir='ltr'>osse</span> <span class='ocrx_word' id='word_1_346' title='bbox 488 3104 514 3158; x_wconf 93' lang='lat' dir='ltr'>in</span> <span class='ocrx_word' id='word_1_347' title='bbox 523 3109 573 3158; x_wconf 90' lang='lat' dir='ltr'>tam</span> <span class='ocrx_word' id='word_1_348' title='bbox 584 3102 703 3174; x_wconf 75' lang='lat' dir='ltr'>frequent</span> <span class='ocrx_word' id='word_1_349' title='bbox 713 3104 824 3160; x_wconf 89' lang='lat' dir='ltr'>codicum</span> <span class='ocrx_word' id='word_1_350' title='bbox 834 3105 992 3174; x_wconf 84' lang='lat' dir='ltr'>discrepantia</span> <span class='ocrx_word' id='word_1_351' title='bbox 1004 3105 1089 3169; x_wconf 87' lang='lat' dir='ltr'>video,</span> <span class='ocrx_word' id='word_1_352' title='bbox 1099 3103 1130 3158; x_wconf 89' lang='lat' dir='ltr'>ita</span> 
     </span>
     <span class='ocr_line' id='line_1_36' title="bbox 74 3183 1131 3257; baseline 0.002 -19"><span class='ocrx_word' id='word_1_353' title='bbox 74 3183 209 3239; x_wconf 86' lang='lat' dir='ltr'>necessario</span> <span class='ocrx_word' id='word_1_354' title='bbox 219 3185 314 3256; x_wconf 89' lang='lat' dir='ltr'>postulo</span> <span class='ocrx_word' id='word_1_355' title='bbox 325 3193 352 3242; x_wconf 92' lang='lat' dir='ltr'>nt</span> <span class='ocrx_word' id='word_1_356' title='bbox 362 3187 421 3242; x_wconf 91' lang='lat' dir='ltr'>rnihi</span> <span class='ocrx_word' id='word_1_357' title='bbox 431 3186 530 3243; x_wconf 89' lang='lat' dir='ltr'>credant</span> <span class='ocrx_word' id='word_1_358' title='bbox 540 3201 581 3242; x_wconf 89' lang='lat' dir='ltr'>me</span> <span class='ocrx_word' id='word_1_359' title='bbox 591 3202 641 3242; x_wconf 93' lang='lat' dir='ltr'>non</span> <span class='ocrx_word' id='word_1_360' title='bbox 650 3193 742 3242; x_wconf 90' lang='lat' dir='ltr'>temere</span> <span class='ocrx_word' id='word_1_361' title='bbox 753 3188 837 3257; x_wconf 89' lang='lat' dir='ltr'>optimi</span> <span class='ocrx_word' id='word_1_362' title='bbox 848 3188 991 3257; x_wconf 76' lang='lat' dir='ltr'>exemplaris</span> <span class='ocrx_word' id='word_1_363' title='bbox 1007 3187 1082 3244; x_wconf 86' lang='lat' dir='ltr'>fidem</span> <span class='ocrx_word' id='word_1_364' title='bbox 1091 3186 1131 3242; x_wconf 89' lang='lat' dir='ltr'>de·</span> 
     </span>
     <span class='ocr_line' id='line_1_37' title="bbox 72 3266 1130 3344; baseline 0.005 -25"><span class='ocrx_word' id='word_1_365' title='bbox 72 3266 187 3323; x_wconf 88' lang='lat' dir='ltr'>seruisse.</span> <span class='ocrx_word' id='word_1_366' title='bbox 219 3268 261 3325; x_wconf 90' lang='lat' dir='ltr'>sed</span> <span class='ocrx_word' id='word_1_367' title='bbox 274 3270 298 3324; x_wconf 91' lang='lat' dir='ltr'>in</span> <span class='ocrx_word' id='word_1_368' title='bbox 308 3272 433 3342; x_wconf 90' lang='lat' dir='ltr'>scripturis</span> <span class='ocrx_word' id='word_1_369' title='bbox 443 3269 545 3326; x_wconf 85' lang='lat' dir='ltr'>bledicei</span> <span class='ocrx_word' id='word_1_370' title='bbox 562 3271 653 3327; x_wconf 91' lang='lat' dir='ltr'>codicis</span> <span class='ocrx_word' id='word_1_371' title='bbox 663 3272 835 3342; x_wconf 86' lang='lat' dir='ltr'>componendis</span> <span class='ocrx_word' id='word_1_372' title='bbox 846 3287 902 3327; x_wconf 90' lang='lat' dir='ltr'>cum</span> <span class='ocrx_word' id='word_1_373' title='bbox 911 3272 1006 3326; x_wconf 87' lang='lat' dir='ltr'>minuta</span> <span class='ocrx_word' id='word_1_374' title='bbox 1015 3270 1130 3344; x_wconf 81' lang='lat' dir='ltr'>quaedem</span> 
     </span>
     <span class='ocr_line' id='line_1_38' title="bbox 73 3350 1131 3420; baseline 0.006 -16"><span class='ocrx_word' id='word_1_375' title='bbox 73 3364 137 3420; x_wconf 91' lang='lat' dir='ltr'>quae</span> <span class='ocrx_word' id='word_1_376' title='bbox 146 3350 236 3408; x_wconf 89' lang='lat' dir='ltr'>nullam</span> <span class='ocrx_word' id='word_1_377' title='bbox 247 3354 375 3410; x_wconf 90' lang='lat' dir='ltr'>utilitatem</span> <span class='ocrx_word' id='word_1_378' title='bbox 385 3355 410 3410; x_wconf 92' lang='lat' dir='ltr'>in</span> <span class='ocrx_word' id='word_1_379' title='bbox 420 3353 492 3410; x_wconf 83' lang='lat' dir='ltr'>huius</span> <span class='ocrx_word' id='word_1_380' title='bbox 502 3353 568 3410; x_wconf 87' lang='lat' dir='ltr'>medi</span> <span class='ocrx_word' id='word_1_381' title='bbox 578 3354 731 3410; x_wconf 90' lang='lat' dir='ltr'>adnotatione</span> <span class='ocrx_word' id='word_1_382' title='bbox 740 3354 832 3411; x_wconf 90' lang='lat' dir='ltr'>habere</span> <span class='ocrx_word' id='word_1_383' title='bbox 841 3354 983 3410; x_wconf 85' lang='lat' dir='ltr'>ridebantur</span> <span class='ocrx_word' id='word_1_384' title='bbox 992 3360 1047 3411; x_wconf 91' lang='lat' dir='ltr'>tum</span> <span class='ocrx_word' id='word_1_385' title='bbox 1052 3352 1131 3412; x_wconf 79' lang='lat' dir='ltr'>omna</span> 
     </span>
     <span class='ocr_line' id='line_1_39' title="bbox 72 3435 1132 3512; baseline 0.006 -24"><span class='ocrx_word' id='word_1_386' title='bbox 72 3447 136 3506; x_wconf 88' lang='lat' dir='ltr'>quae</span> <span class='ocrx_word' id='word_1_387' title='bbox 152 3435 182 3491; x_wconf 92' lang='lat' dir='ltr'>ad</span> <span class='ocrx_word' id='word_1_388' title='bbox 198 3437 395 3511; x_wconf 80' lang='lat' dir='ltr'>orthographiam</span> <span class='ocrx_word' id='word_1_389' title='bbox 412 3451 474 3509; x_wconf 90' lang='lat' dir='ltr'>quae</span> <span class='ocrx_word' id='word_1_390' title='bbox 491 3437 580 3493; x_wconf 80' lang='lat' dir='ltr'>dicitu</span> <span class='ocrx_word' id='word_1_391' title='bbox 592 3438 712 3509; x_wconf 87' lang='lat' dir='ltr'>pertinent</span> <span class='ocrx_word' id='word_1_392' title='bbox 729 3439 806 3495; x_wconf 71' lang='lat' dir='ltr'>omui.</span> <span class='ocrx_word' id='word_1_393' title='bbox 838 3444 911 3511; x_wconf 87' lang='lat' dir='ltr'>atque</span> <span class='ocrx_word' id='word_1_394' title='bbox 926 3439 951 3494; x_wconf 90' lang='lat' dir='ltr'>in</span> <span class='ocrx_word' id='word_1_395' title='bbox 969 3439 1019 3494; x_wconf 92' lang='lat' dir='ltr'>boc</span> <span class='ocrx_word' id='word_1_396' title='bbox 1036 3437 1132 3512; x_wconf 84' lang='lat' dir='ltr'>quidem</span> 
     </span>
    </p>
   </div>
   <div class='ocr_carea' id='block_1_3' title="bbox 67 3582 102 3613">
    <p class='ocr_par' dir='ltr' id='par_1_3' title="bbox 67 3582 102 3613">
     <span class='ocr_line' id='line_1_40' title="bbox 67 3582 102 3613; baseline 0 0"><span class='ocrx_word' id='word_1_397' title='bbox 67 3582 102 3613; x_wconf 60' lang='lat' dir='ltr'>h</span> 
     </span>
    </p>
   </div>
   <div class='ocr_carea' id='block_1_4' title="bbox 0 0 1212 3840">
    <p class='ocr_par' dir='ltr' id='par_1_4' title="bbox 0 0 1212 3840">
     <span class='ocr_line' id='line_1_41' title="bbox 0 0 1212 3840; baseline 0 0"><span class='ocrx_word' id='word_1_398' title='bbox 0 0 1212 3840; x_wconf 95' lang='lat' dir='ltr'> </span> 
     </span>
    </p>
   </div>
  </div>
 </body>
</html>
