2400 3848
315 211 884 319 urlsrotnntntvl.10.11.1u.1s.
1045 211 1105 274 115

41 402 43 406 Α
102 378 221 448 petere,
243 376 291 428 aut
305 367 372 427 milri
387 367 510 445 optatius
531 382 613 446 quam
626 383 671 423 me
685 365 721 424 ad
735 374 814 426 recta
828 365 1009 427 tendentibus
1026 366 1105 444 quasi

102 451 248 530 exemplar
261 469 329 512 esse
344 445 541 529 propositum?
564 447 648 520 Quod
661 447 791 527 gaudium
803 459 832 509 ut
844 459 985 529 perpetuo
997 451 1131 527 capiam4

102 536 173 597 deos
187 553 255 596 oro:
269 535 305 594 ab
316 534 407 594 isdem
421 541 497 593 teste
511 541 540 592 te
559 540 628 610 peto
643 542 674 592 ut
687 534 777 594 omnis
794 535 841 610 qui
855 551 901 594 me
917 535 1017 594 imitari
1035 534 1104 592 tanti

101 620 238 698 putabunt
252 618 387 679 meliores
402 635 469 677 esse
484 632 567 695 quam
579 633 625 675 me
640 614 738 676 velint.
773 615 854 676 Vale.

75 722 91 772 ⁵
567 749 623 809 xu

280 851 306 902 (t.
324 847 450 902 PLINIUS
468 849 595 900 FABATO
611 848 800 900 PROSOGERO
818 848 922 900 SUOS.

162 953 204 1014 Tu
218 972 288 1014 vero
303 970 359 1014 non
374 952 464 1014 debes
478 970 619 1032 suspensa
632 970 714 1012 manu
734 951 931 1012 commendare
948 950 1014 1010 mihi
1030 962 1130 1029 quosl

99 1036 221 1100 tuendos
241 1048 331 1116 putas.
360 1036 430 1098 Nam
446 1046 475 1097 et
496 1047 526 1098 te
540 1036 625 1097 decet
644 1035 739 1096 multis
754 1035 894 1115 prodesse
912 1043 942 1096 et
955 1053 1000 1094 me
1015 1035 1105 1094 susci-

61 1137 172 1200 lopere
189 1120 324 1201 quidquid
345 1121 386 1181 ad-
402 1138 497 1181 curam
517 1130 592 1181 tuam
613 1123 745 1199 pertinet.
776 1114 985 1198 ltaque‘Vettio
1003 1116 1128 1179 Priscoa

101 1214 233 1285 quantum
253 1207 400 1284 plurimum
427 1215 547 1284 potuero
569 1205 737 1283 praestabo,
762 1204 929 1282 praesertim
949 1206 977 1263 iu
998 1202 1103 1262 harena

99 1308 180 1366 mea,
205 1289 262 1349 hoc
284 1298 328 1348 est
352 1289 427 1367 apud
448 1290 645 1348 centumuiros.
678 1287 871 1366 Epistularum
887 1304 956 1364 quas
974 1286 1058 1362 mihi,
1073 1294 1129 1347 ut3

100 1375 153 1450 ais,
170 1382 269 1451 aperto
283 1380 402 1450 pectore
416 1373 556 1450 scripsisti
571 1371 702 1431 obliuisci
716 1390 762 1430 me
778 1372 874 1431 iubes:
896 1368 931 1430 ad
946 1388 1002 1447 ego
1013 1368 1102 1429 nulla-

100 1475 162 1516 rum
189 1457 324 1516 libentius
350 1457 470 1514 memini.
504 1453 551 1514 En
570 1453 626 1513 illis
653 1455 727 1513 enim
752 1453 799 1514 vel
826 1455 982 1532 praecipue
1008 1454 1100 1512 sentio

58 1559 91 1611 15
101 1549 205 1620 quanto
220 1557 309 1618 opere
324 1557 369 1597 me
386 1537 503 1615 diligas,
519 1555 582 1597 cum
597 1539 638 1598 sic
658 1540 791 1615 exegeris
805 1555 917 1596 mecum
936 1546 967 1596 ut
986 1534 1101 1598 solebas

102 1643 165 1683 eum
180 1633 229 1684 tuo
248 1622 317 1682 filio.
346 1620 409 1682 Nec
426 1619 569 1682 dissimulo
584 1621 640 1681 hoc
655 1621 721 1680 mihi
741 1619 923 1682 iucundiores
946 1639 994 1680 eas
1010 1619 1127 1680 fuisse4

102 1708 178 1786 quod
197 1707 335 1767 habebam
357 1707 458 1767 bonam
482 1723 610 1783 causam,
637 1724 700 1765 cum
720 1723 829 1765 summo
849 1703 942 1765 studio
953 1721 1102 1766 curassem

101 1790 178 1869 quod
199 1801 228 1852 tu
251 1791 342 1851 curari
360 1788 489 1850 volebas.
522 1789 642 1850 Proinde
659 1791 742 1850 etiam
765 1790 857 1867 adque
878 1790 962 1848 etiam
983 1805 1056 1865 rogo
1072 1794 1126 1846 ut5

100 1874 167 1934 mihi
183 1893 298 1954 semper
310 1875 410 1934 eadem
423 1873 620 1952 simplicitate,
635 1876 766 1955 quotiens
781 1891 896 1933 cessare
911 1872 1030 1932 uidebor
1048 1872 1101 1950 (vi-

58 1958 193 2026 aodebor
207 1959 289 2036 dico,
309 1976 458 2036 numquam
472 1960 548 2028 enim
565 1957 721 2035 cessabo),
739 1958 897 2017 convicium
908 1955 1009 2023 facias;
1027 1954 1103 2033 quod

101 2051 131 2103 et
151 2060 208 2120 ego
235 2040 402 2118 intellegam
420 2061 437 2102 a
456 2057 564 2102 summo
584 2058 679 2100 amore
701 2041 847 2119 prolicisci
869 2048 898 2099 et
917 2048 946 2098 tu
968 2054 1024 2098 non
1044 2057 1102 2096 me·

99 2129 193 2186 ruisse
207 2144 253 2185 me
270 2125 406 2203 gaudeas.
433 2123 513 2184 Vale.

566 2256 645 2317 Xlll.

58 2385 91 2436 ,5
409 2356 675 2423 c.rmn1usunso
693 2357 753 2409 suo
771 2355 797 2406 a.

163 2460 336 2540 Umquamne
351 2459 445 2521 vidisti
460 2478 628 2540 quemquam
647 2468 702 2519 tarn
716 2458 887 2518 laboriosum
902 2466 932 2517 et
944 2457 1125 2517 exercituml

102 2563 184 2624 quarn
199 2545 340 2605 Varenum
353 2541 465 2605 meum?
488 2546 535 2603 oui
557 2545 633 2625 quod
650 2561 755 2604 summa
773 2543 953 2611 contentione
967 2541 1100 2619 impetra·

100 2638 181 2688 verat
197 2628 404 2688 defendendum
421 2638 450 2689 et
469 2630 548 2708 quasi
564 2647 661 2689 rursus
677 2626 829 2706 petendum
845 2627 904 2688 luit.
927 2624 1039 2698 Bithyni
1055 2634 1127 2684 sea

100 2721 182 2781 natus
199 2711 357 2772 consultum
373 2722 440 2790 aput
455 2712 589 2773 consules
603 2731 723 2791 carpere
734 2730 769 2772 ae
779 2706 952 2770 labefactare
965 2717 1029 2767 sunt
1040 2706 1101 2764 ausi

14 2871 23 2879 ι
57 2805 187 2874 soatque
202 2797 285 2855 etiam
299 2797 408 2856 absenti
428 2799 548 2876 principi
567 2798 721 2855 criminari:
747 2795 783 2854 ab
799 2793 849 2852 illo
865 2791 900 2850 ad
915 2798 1041 2849 senatum
1054 2806 1100 2848 re·

99 2881 197 2957 missi,
212 2896 269 2939 non
280 2878 455 2940 destiterunt.
489 2878 557 2956 Egit
571 2875 704 2938 Claudius
720 2875 822 2955 Capito
836 2877 1031 2933 inreverenter
1045 2890 1102 2930 ma·

99 2965 145 3041 gis
162 2981 244 3042 quam
261 2973 438 3039 constanter,
464 2971 494 3021 ut
516 2963 562 3040 qui
578 2970 692 3021 senatus
710 2959 868 3020 consultum
883 2957 957 3035 apud
974 2965 1102 3015 senatum

100 3055 258 3107 accusaret.
279 3045 438 3125 Respondit
453 3044 549 3106 Catius
564 3043 670 3105 Fronto
684 3045 850 3123 gravitaret
869 3042 955 3100 lirme.
979 3040 1129 3103 Senatus3

100 3133 166 3209 ipse
178 3131 327 3191 mirificus:
343 3150 406 3190 nam
420 3129 462 3190 illi
480 3148 593 3209 quoque
608 3132 655 3208 qui
667 3131 745 3207 prius
757 3132 893 3204 negarant
902 3125 1015 3186 Vareno
1028 3145 1102 3206 quae

58 3214 219 3294 adpetebat
229 3213 327 3274 eadem
339 3215 437 3290 danda,
454 3224 604 3294 postquam
621 3223 699 3274 eraut
715 3211 788 3288 data,
806 3217 991 3272 censuerunt:
1007 3214 1130 3286 singu-4

100 3297 147 3360 los
163 3300 237 3359 enim
251 3299 362 3376 integra
374 3317 407 3358 re
422 3298 572 3360 dissentire
586 3298 629 3357 las
643 3315 726 3373 esse,
749 3303 864 3375 peracta
880 3295 955 3375 quod
972 3292 1100 3374 pluribus

103 3381 262 3460 placuisset
276 3384 384 3443 eunctis
403 3381 545 3443 tuendum.
575 3380 686 3443 Acilius
707 3389 813 3441 tantum
827 3378 916 3439 Rulus
935 3387 964 3439 et
986 3395 1049 3438 curn
1066 3386 1127 3436 eoo

101 3475 215 3546 septem
230 3484 264 3526 an
282 3475 365 3545 octo,
382 3474 495 3545 septem
509 3468 610 3543 immo,
624 3468 653 3524 in
667 3466 763 3543 priore
778 3465 1101 3604 senteutigapersevera·
