2400 3840
107 157 168 222 118
533 154 565 216 G.
587 154 685 216 PLINI

107 311 247 390 proximo,
262 310 387 370 sarcinas
400 307 558 368 contulerat
569 310 597 368 in
610 326 709 385 nares,
728 317 825 368 certus
842 308 942 388 iugac,
961 312 985 373 ai
1004 320 1102 373 contra·

106 397 165 453 rius
176 404 279 454 ventus
297 392 468 460 resedisset;
490 409 545 471 quo
562 401 795 452 tuncauuncuuus
811 409 893 453 meus
906 395 1103 457 secundissimo

106 480 237 539 inuectus
253 476 442 556 conplectitur
452 475 649 555 trepidantem,
662 475 842 555 consolatur,
860 476 1005 556 hortatur,
1026 488 1105 559 utque

105 563 235 623 timorem
248 563 310 621 eius
325 579 375 621 sua
389 562 541 621 securitate
555 558 676 637 leniret,
699 559 805 620 deferri
816 562 846 620 in
862 560 1010 622 balineum
1020 563 1105 625 iubat:

106 645 182 709 lotus
194 647 330 723 accubat,
352 654 435 705 cenat
450 654 496 705 aut
512 643 608 704 hilaris
625 654 687 721 aut,
712 644 787 722 quod
803 652 848 705 est
866 663 963 724 aeque
974 655 1126 725 magnumt

65 732 99 788 13
107 729 206 791 similis
218 730 306 790 hilari.
326 729 441 790 Interim
453 749 469 789 e
481 728 606 788 Vesuvio
623 737 719 787 monte
730 728 858 807 pluribus
877 732 906 788 iu
924 729 1000 791 locis
1013 729 1107 792 latissi-

107 833 169 875 mae
179 812 425 891 flammaealtaque
439 813 568 873 incendia
574 811 752 889 relucebant,
765 829 885 890 quorum
893 813 993 892 fulgor
999 825 1027 875 et
1035 815 1107 876 clari·

108 909 151 961 tas
159 899 284 959 tenebris
296 899 389 958 noctis
403 897 586 956 excitabatur.
602 895 656 956 Ille
668 898 821 974 agrestium
832 898 1026 976 trepidatione
1033 903 1107 977 lgneo

107 983 226 1043 relictos
243 982 428 1056 desertasque
446 977 529 1038 villas
543 998 596 1058 per
611 980 789 1040 solitudinem
803 981 907 1042 ardere
918 984 946 1042 in
958 983 1107 1044 remedium

107 1064 262 1125 lonnidinia
280 1063 432 1122 dictitabat.
456 1061 525 1120 Tum
537 1081 569 1122 se
585 1066 673 1141 quieti
684 1063 777 1141 dedit,
796 1074 826 1124 et
841 1067 952 1143 quievit
964 1068 1138 1128 verissimoll

108 1147 221 1226 quidem
232 1163 340 1208 somno.
362 1144 432 1206 Nam
443 1157 551 1207 meatus
563 1149 686 1225 animae,
706 1150 753 1227 qui
767 1147 808 1208 illi
822 1159 945 1229 propter
957 1150 1108 1230 amplitudi-

105 1250 171 1290 nem
183 1234 312 1311 corporis
327 1232 441 1308 gravior
456 1240 484 1291 et
496 1234 641 1292 sonantior
652 1242 728 1310 erat,
743 1233 778 1292 ab
795 1233 829 1294 iis
844 1236 893 1311 qui
908 1233 998 1294 limini
1013 1235 1107 1295 obver-

65 1322 99 1379 14
108 1316 240 1377 sabantur
261 1315 434 1376 audiebatur.
468 1314 525 1376 Sed
540 1334 606 1376 area
621 1335 659 1376 ex
674 1334 728 1395 qua
744 1315 834 1376 diaeta
856 1317 987 1377 adibatur
1008 1321 1046 1379 ita
1060 1319 1108 1379 iam

108 1403 204 1462 cinere
219 1401 370 1480 mixtisque
384 1401 542 1478 pumicibus
557 1399 674 1480 oppleta
689 1410 850 1461 surrexerat
862 1411 908 1478 ut,
922 1403 947 1462 si
960 1401 1107 1480 longioriu
1181 1466 1184 1477 ¹

108 1484 240 1545 cubiculo
264 1503 358 1562 mora,
383 1487 475 1545 exitus
498 1494 659 1561 negaretur.
691 1483 838 1545 Excitatus
865 1485 999 1564 procedit
1021 1493 1139 1565 sequeli
1181 1558 1183 1567 Ι

65 1577 97 1629 15
107 1567 298 1647 Pomponiano
312 1570 474 1645 ceterisque
486 1571 533 1647 qui
544 1567 781 1647 pervigilaverant
792 1567 893 1628 reddit.
917 1568 949 1629 In
965 1587 1107 1631 commune

108 1652 286 1728 consultant,
308 1653 379 1710 intra
393 1659 469 1711 tecta
483 1652 636 1713 subsistant
652 1670 686 1711 an
699 1654 728 1712 in
744 1661 844 1731 aperto
858 1663 1009 1731 vagentur.
1042 1652 1108 1714 Nam

108 1734 216 1795 crebris
231 1736 379 1813 vastisque
397 1735 567 1795 tremoribus
581 1744 656 1796 tecta
671 1737 802 1796 nutabant
816 1746 845 1797 et
861 1739 942 1815 quasi
956 1747 1050 1798 emota
1065 1755 1107 1798 se-

107 1817 188 1877 dibus
213 1819 273 1878 suis
295 1835 369 1876 nunc
390 1817 446 1878 huc
463 1837 538 1878 nunc
555 1818 623 1878 illuc
644 1820 722 1880 abire
744 1830 790 1881 aut
810 1819 913 1881 referri
934 1821 1105 1883 ridebantur.

65 1909 97 1964 16
107 1901 166 1962 Sub
185 1900 231 1962 dio
251 1920 349 1963 mrsus
367 1919 532 1982 quamquam
552 1903 657 1964 levium
677 1920 886 1983 exesorumque
903 1907 1048 1983 pumicum
1064 1912 1141 1964 calo

107 2005 156 2047 sus
177 1987 371 2055 metuebatur;
393 1988 470 2067 quod
491 1997 584 2048 tamen
600 1987 792 2067 periculorum
812 1988 927 2049 collatio
944 1988 1044 2067 elegit.
1073 1986 1107 2047 Et

107 2071 181 2151 apud
196 2071 274 2132 illurn
292 2072 405 2151 quidem
419 2075 490 2133 ratio
505 2074 659 2149 rationem,
687 2071 762 2150 apud
782 2070 852 2131 alios
875 2073 1009 2133 timorem
1030 2074 1107 2132 timor

105 2159 183 2216 vicit.
206 2154 366 2216 Cervicalia
382 2158 521 2234 capitibus
537 2158 658 2235 inposita
672 2154 766 2215 linteis
786 2157 998 2234 constringunt:
1013 2155 1041 2216 id
1051 2173 1106 2215 mu·

63 2242 259 2300 linimentum
281 2238 417 2298 adversus
432 2239 582 2299 incidentia
604 2240 665 2300 fuit.
700 2239 757 2298 Iam
779 2237 840 2298 dies
862 2238 946 2317 alibi,
972 2239 1034 2301 illic
1054 2255 1107 2298 nox

107 2320 236 2381 omuibus
247 2321 378 2381 noctibus
390 2323 497 2398 nigrior
509 2323 694 2403 densiorque;
713 2340 795 2402 quam
805 2332 899 2383 tamen
910 2322 994 2385 iaces
1006 2322 1105 2384 multae
1113 2321 1140 2376 25

104 2406 238 2480 variaque
256 2404 358 2462 lumIna
372 2403 542 2466 solabantur.
576 2406 686 2468 Placuit
702 2406 801 2485 egredi
821 2408 849 2483 in
865 2406 931 2467 litus
950 2418 980 2469 et
996 2426 1033 2468 ex
1044 2423 1106 2486 pro·

104 2489 180 2547 ximo
192 2488 324 2565 aspicere
339 2488 443 2565 ecquid
457 2490 510 2550 iam
522 2509 598 2552 mare
612 2492 789 2560 admitteret;
804 2491 881 2569 quod
896 2490 990 2553 adbuc
1000 2501 1107 2565 vastum

62 2579 96 2633 18
106 2582 133 2632 et
148 2570 298 2631 adversum
313 2573 506 2650 permanebat.
529 2574 572 2635 Ibi
584 2594 671 2655 saper
684 2576 825 2636 abiectum
836 2574 955 2634 linteum
969 2576 1107 2636 recubans
1174 2611 1182 2635 ⁴

105 2655 194 2718 semel
206 2655 298 2735 adque
311 2658 412 2716 iterum
422 2656 549 2735 frigidam
561 2678 661 2739 aquam
671 2661 804 2739 poposcit
816 2658 975 2737 hausitque.
997 2656 1106 2719 Deinde

105 2742 230 2802 dammae
251 2741 477 2822 flammarumque
498 2746 679 2822 praenuntius
698 2743 769 2804 odor
785 2743 910 2822 sulpuris
930 2742 1003 2803 alios
1021 2745 1050 2803 in
1065 2741 1140 2806 luit

62 2832 95 2887 19
104 2845 167 2904 gam
189 2835 317 2903 vertunt,
340 2828 465 2886 excitant
483 2827 571 2888 illum.
594 2827 719 2889 Innitens
740 2826 861 2888 servolis
882 2827 994 2887 duobus
1013 2827 1107 2887 adsur-

101 2912 186 2987 rexit,
203 2919 232 2970 et
246 2912 339 2971 statim
354 2910 492 2989 concidit,
508 2922 537 2972 ut
550 2931 605 2990 ego
621 2911 744 2992 colligo,
761 2913 902 2972 crassiore
915 2911 1039 2989 caligine
1051 2912 1106 2990 spi·

101 2996 156 3053 ritu
173 2994 320 3055 obstructo
337 2993 493 3073 clausoque
508 2995 671 3075 stomacho,
691 2998 738 3075 qai
757 2995 797 3055 illi
812 3006 908 3056 natura
923 2995 1062 3056 invalidus
1079 3002 1106 3054 et

30 3074 94 3140 ”20
104 3085 242 3154 angustus
257 3086 286 3138 et
298 3078 464 3157 frequenter
475 3089 606 3140 aestuans
621 3091 689 3141 erat.
724 3081 778 3141 Ubi
794 3079 856 3140 dies
872 3079 1000 3140 redditus
1016 3081 1055 3157 (is
1072 3078 1106 3138 ab

103 3178 138 3221 eo
152 3178 236 3240 quem
250 3162 404 3223 novissime
416 3163 524 3223 viderat
536 3164 664 3243 tertius),
679 3182 783 3244 corpus
795 3166 940 3224 inventum
954 3166 1104 3242 integrum,
1113 3167 1140 3221 ut

101 3244 240 3306 inlaesum
255 3254 442 3326 opertumque
463 3256 494 3307 ut
510 3247 602 3308 iuerat
615 3247 743 3309 indutus:
755 3248 867 3309 habitus
882 3250 1013 3328 corporis
1029 3248 1105 3327 quia-

59 3335 90 3388 21
104 3331 195 3389 scenti
214 3347 296 3408 quam
317 3329 451 3391 defuneto
471 3331 596 3392 similior.
629 3328 745 3392 Interim
763 3331 866 3394 Miseni
885 3350 942 3410 ego
959 3342 990 3393 et
1007 3340 1104 3393 mater.

104 3411 162 3473 Sed
179 3411 246 3472 nihil
262 3412 296 3474 ad
314 3413 476 3493 historiam,
493 3435 549 3476 uec
565 3425 595 3476 tu
614 3414 689 3476 aliud
708 3417 839 3498 quamde
857 3419 935 3479 exitu
954 3420 1016 3478 eiua
1031 3417 1105 3477 scire
