2400 3840
395 623 804 724 sallustio.

507 835 692 846 ——uno

124 957 229 1050 Novem
245 993 402 1065 epistelamm
422 994 498 1050 libros
514 993 616 1050 al‘liuio
634 994 713 1050 editos
730 1009 785 1050 esse
797 1001 898 1051 auctore
914 1002 1010 1053 constat
1026 995 1125 1055 Sidonio

59 1077 260 1154 Apollinarium
278 1078 349 1148 epist
359 1077 407 1144 lli,
425 1082 441 1134 1
459 1076 562 1134 ‘addis'
573 1078 707 1150 mpuit‘et
721 1093 806 1135 causas
821 1079 908 1152 qubus
921 1079 962 1136 bie
977 1079 1125 1138 libernonm

48 1166 113 1231 lecto
125 1162 276 1234 superiorum
286 1162 448 1218 voluminibus
459 1162 597 1227 summost,
617 1160 873 1233 protestentur,
894 1165 964 1221 cuius
980 1180 1025 1221 nus
1035 1165 1126 1221 orbitas

50 1234 126 1320 ¹bequi
140 1246 268 1316 hocopus
285 1247 438 1316 pronuntias,
459 1244 558 1316 paribus
572 1244 649 1301 titulis
665 1260 727 1316 opus
744 1247 872 1318 epistulare
892 1247 1057 1304 determinet?
1080 1249 1125 1305 ob·

51 1337 152 1387 somata
176 1335 255 1385 auten
270 1330 387 1399 proximis
402 1345 417 1385 a
432 1328 533 1384 Sidonio
554 1329 656 1384 saeculis
672 1327 758 1385 harum
778 1331 934 1401 epistularum
950 1333 1066 1388 memoria
1082 1333 1125 1388 de-

58 1415 123 1470 cimo
142 1412 239 1468 meeulo
257 1413 304 1468 tria
321 1415 451 1469 erutenmt
467 1412 613 1482 exemplaria
630 1427 686 1467 cum
695 1413 813 1483 scriptma
817 1413 946 1470 verborum
956 1421 1010 1470 turn
1019 1415 1124 1486 disposi-

49 1500 125 1554 ltione
135 1496 290 1567 epistularum
300 1497 446 1569 aliquantum
457 1495 521 1551 inter
529 1510 557 1550 se
567 1495 698 1552 dimimilis
719 1511 734 1552 e
752 1496 839 1568 qubus
855 1497 1032 1568 exemplaribus
1048 1515 1125 1555 unum

47 1581 191 1657 pgenuinum
207 1594 292 1635 novem
308 1580 426 1637 librorum
436 1594 577 1645 numerium,
598 1579 642 1636 sed
658 1579 803 1636 membranis
813 1582 904 1654 aliquot
914 1597 972 1638 casn
982 1583 1125 1654 interceptis

47 1664 188 1730 ‘minutum
210 1671 361 1728 sensusne
383 1665 486 1721 sltem
495 1670 581 1720 octavo
594 1662 657 1720 libro
673 1664 779 1729 omisso,
799 1680 864 1720 nono
884 1680 928 1736 pro
939 1667 1124 1737 omavopositu

112 1756 153 1804 ato
167 1748 310 1819 praeterea
303 1764 328 1802 rn
339 1748 424 1820 quinto
435 1748 478 1803 et
470 1763 495 1803 rn
505 1747 591 1804 ultim
602 1746 664 1804 libro
681 1748 838 1819 epistularum
853 1749 951 1815 ordine,
972 1757 1029 1806 octo
1050 1751 1125 1807 libros

61 1833 179 1896 exhibuit3
199 1832 298 1887 tertium
307 1831 411 1904 deniqne
427 1831 503 1888 libros
512 1838 626 1904 quattuor
641 1831 733 1902 primos
748 1846 806 1887 emn
820 1847 865 1888 sex
880 1833 964 1903 primis
976 1834 1032 1890 libri
1048 1835 1125 1906 quinti

61 1917 165 1988 epistulis
176 1915 390 1986 complectebatur.
412 1922 535 1986 praeterea
546 1914 646 1971 autem
638 1930 663 1970 m
673 1930 703 1970 eo
714 1915 800 1971 eodioe
810 1916 888 1988 quarti
899 1917 954 1972 libri
971 1918 1074 1988 epistula
1089 1919 1125 1973 vi-

102 2210 110 2233 ,
128 2166 259 2223 nonsimul
269 2166 494 2238 diverberemptis
503 2165 618 2236 descripti
628 2165 725 2221 codices
741 2173 918 2242 apparuerunt,
939 2167 983 2223 sed
1000 2168 1125 2238 paullatim

81 2251 103 2306 ‘o
113 2266 203 2324 genere
212 2257 269 2322 post
278 2250 343 2306 aliud
352 2256 447 2322 reperto
457 2251 583 2306 uniuersus
594 2249 751 2320 epistularum
760 2265 876 2307 uumerus
886 2250 912 2306 iu
923 2251 1004 2306 lucem
1015 2253 1112 2323 prodiit

117 2334 178 2390 llam
195 2349 252 2389 mum
267 2341 494 2408 posteamquoque
504 2333 870 2406 aetatmrquamdixiapaueis
879 2333 951 2390 Plinii
961 2335 1079 2406 epistulae
1088 2337 1124 2392 le·

79 2425 183 2484 senten,
198 2419 303 2489 primum
312 2417 410 2490 reliquis
420 2417 516 2475 dnobus
527 2417 659 2492 generibm
668 2417 798 2473 latenubm
808 2419 917 2474 oestrus
926 2419 1083 2490 epistularum
1093 2434 1123 2475 ex

96 2503 205 2574 exemplo
214 2501 280 2574 qnod
289 2503 360 2558 tertio
372 2503 428 2559 loco
446 2503 516 2574 posui
526 2502 598 2560 dueta
608 2501 736 2559 docmnrm
752 2501 877 2559 bominum
892 2503 1004 2560 manibus
1013 2502 1125 2559 versaba-

98 2627 105 2641 .
124 2587 193 2641 cuius
202 2586 269 2641 modi
277 2585 362 2642 codiee
372 2586 444 2641 tertio
454 2586 550 2642 decimo
562 2586 660 2641 saemrlo
670 2601 728 2640 usus
739 2593 778 2641 est
788 2586 928 2642 llrucentim
937 2585 1123 2650 Bebovaoensis.

91 2669 97 2681 ’
108 2670 132 2724 in
142 2668 247 2740 Speculo
257 2669 375 2725 historiali
384 2669 427 2726 lib.
437 2670 461 2726 ll
471 2686 493 2725 c
504 2672 538 2730 67
549 2669 620 2725 Plinii
630 2668 743 2740 epistolas
754 2669 784 2726 sd
794 2669 902 2727 diuerms
911 2670 1007 2725 circite
1025 2677 1122 2725 centum

94 2753 226 2824 repperisse
235 2753 269 2808 ait
278 2760 304 2808 et
315 2751 418 2825 ‘paucos
429 2753 502 2810 flores
512 2769 545 2809 ex
554 2753 626 2808 huius
635 2752 744 2824 epistolis
754 2753 895 2825 excerptos'
905 2769 967 2825 qnos
978 2753 1082 2809 subiecit
1092 2768 1123 2809 ex

78 2834 84 2847 ‘
115 2836 173 2907 ips'n
193 2843 291 2892 eentum
318 2838 426 2910 epistrrlis
446 2838 543 2910 petivit.
566 2851 656 2911 eosque
677 2835 711 2890 ita
731 2844 883 2908 comparatos
904 2842 932 2892 ut
949 2851 980 2892 ex
995 2837 1123 2895 uerbormn

97 2919 172 2990 ‘ptura
182 2935 239 2976 orum
248 2918 316 2976 libris
325 2936 398 2977 manu
408 2922 504 2992 seriptis
514 2935 616 2994 quonum
627 2919 699 2975 bodie
710 2921 780 2991 copia
790 2920 854 2977 iacta
864 2926 902 2976 eet
912 2921 1000 2977 collata
1010 2922 1122 2995 intellegi

65 3004 132 3070 pessit
145 3004 175 3060 ad
190 3005 215 3061 id
228 3019 308 3078 genus
322 3005 387 3078 quod
397 3005 447 3061 bisi
457 3005 576 3061 Vincenti
593 3003 703 3060 codicem
722 3004 873 3074 permuisse
903 3004 1021 3062 babemus
1042 3012 1124 3063 autem

65 3080 128 3142 buius
136 3088 217 3160 stirpis
227 3088 438 3145 testeml'noentii
447 3095 526 3146 aemte
536 3088 657 3160 aliquanto
668 3088 816 3158 superiorem
827 3088 991 3144 llorentinum
1002 3090 1121 3154 codicem,

65 3171 319 3238 penmbittiomeea
328 3171 485 3229 lammtiaua
498 3173 562 3229 iuter
578 3187 621 3228 eos
637 3171 832 3244 librosquiilluc
842 3188 857 3228 e
867 3172 1013 3231 bibliotheca
1024 3173 1123 3231 llorer-

65 3250 237 3323 inaS.llarci‚
248 3256 386 3313 euiusolim
395 3256 736 3320 luitnumerobffluotutus,
747 3256 848 3312 narseti
857 3257 961 3314 nemum
973 3257 1122 3314 innumeros
