2400 3840
136 177 199 243 100
563 172 593 238 G.
616 172 714 235 PblNl

111 329 221 396 t'l'ales
242 328 348 407 ubique
367 343 530 395 sermonem
559 326 606 405 qui
625 336 718 387 tamen
740 324 903 387 alterutram
923 325 954 385 in
971 335 1075 405 partem
1095 343 1126 386 er

136 422 241 475 euentu
257 409 471 491 praevalebunt.
503 408 556 471 Est
570 411 683 470 omnino
701 409 827 489 iniquom
843 408 899 470 sed
917 425 972 470 usn
991 419 1126 490 receptum

137 495 214 575 quod
230 495 349 556 honesta
366 493 485 556 consilia
498 493 547 554 vel
561 495 670 571 turpia,
682 503 767 571 prout
782 492 856 553 male
870 501 920 553 aut
932 509 1073 573 prospere
1087 512 1126 554 ce·

136 580 220 657 dunt,
244 580 283 639 ita
298 576 347 638 vei
366 578 520 656 probantur
534 575 581 637 rel
596 574 850 655 reprehenduntur.
882 575 954 637 Inde
972 575 1127 657 plerunque

135 663 236 726 eadem
256 663 331 723 iacta
350 662 434 722 modo
455 661 618 740 diligentiae
630 660 714 720 modo
729 659 877 738 vanitatis,
900 659 988 720 modo
1003 659 1145 725 libertatico
1190 675 1198 724 ε

135 745 220 809 modo
237 747 341 807 furoris
357 764 461 807 nomen
475 746 628 824 accipiunt.
660 743 741 804 Vale.

590 924 596 936 .
638 876 687 937 xl.

289 976 316 1026 c.
334 976 459 1026 rnrurus
476 877 637 1027 suangmol
651 878 856 1053 uralsuournno
874 974 936 1028 suo
955 976 984 1032 a.

113 1097 127 1147 l
197 1077 298 1137 Libera
312 1074 424 1135 tandem
438 1075 743 1153 hendecasyllaborum
756 1095 883 1138 meorum
895 1077 993 1158 fidem,
1009 1079 1057 1158 qui
1069 1077 1157 1139 semu
1191 1129 1193 1139 ,

135 1169 186 1238 pta
205 1169 252 1220 tua
271 1160 465 1220 communibus
483 1159 581 1222 amicis
602 1162 828 1241 spoponderunt.
860 1161 1056 1242 Appellantur
1070 1160 1130 1222 coti·

136 1243 182 1303 die
195 1252 225 1303 et
241 1243 416 1321 flagitantur,
443 1262 477 1304 ac
492 1245 546 1305 iam
561 1244 720 1325 periculum
740 1254 785 1308 est
804 1263 840 1306 ne
859 1255 1003 1323 coquntur
1015 1246 1051 1308 ad
1063 1243 1130 1306 exhi·

108 1326 256 1396 abendune
271 1326 417 1388 formulam
432 1328 577 1408 atalpero.
598 1328 667 1390 Sum
683 1339 712 1389 et
726 1329 830 1408 ipsein
844 1328 958 1390 edendo
974 1330 1129 1404 haesitator,

136 1421 166 1472 tu
189 1421 283 1474 tamen
306 1431 397 1473 meam
421 1429 535 1491 quoque
563 1413 770 1473 cunctationem
792 1411 1011 1492 tarditatemque
1036 1411 1129 1474 vicisti.

134 1495 256 1557 Proinde
276 1506 322 1556 aut
342 1513 441 1572 rumpe
461 1497 516 1555 iam
530 1512 624 1556 moras
639 1504 686 1556 aut
701 1514 771 1557 cave
785 1514 822 1554 ne
836 1494 956 1556 eosdem
970 1497 1044 1557 istos
1057 1494 1158 1557 libel-lt
1194 1539 1197 1545 .

135 1578 192 1656 los,
209 1597 281 1658 quos
297 1579 347 1638 tibi
361 1577 595 1653 hendecasyllabi
616 1581 707 1640 nostri
720 1578 861 1640 blanditiis
876 1577 986 1640 elicere
1001 1597 1059 1641 non
1072 1596 1131 1659 pos·

109 1672 219 1737 esunt,
246 1662 378 1720 convicio
400 1670 550 1721 scaeontcs
567 1671 763 1741 extorqueant.
790 1661 955 1723 Perfectum
970 1680 1047 1744 opus
1057 1665 1131 1736 abso-

136 1742 282 1821 lutumque
297 1752 359 1820 est,
386 1761 441 1804 nec
457 1744 511 1803 iam
529 1743 708 1823 splendescit
721 1745 785 1806 lima
799 1744 853 1806 sed
866 1748 1008 1808 mterimr.
1041 1747 1132 1809 Patere

135 1842 181 1884 me
203 1825 302 1885 ridere
322 1825 433 1887 titulum
453 1836 547 1906 tuum,
575 1838 676 1907 patere
695 1829 792 1890 audire
812 1828 937 1890 describi
960 1829 1022 1910 legi
1043 1831 1132 1892 verbe

135 1907 277 1970 volumina
298 1909 453 1991 Tranquilli
472 1912 538 1973 mei.
565 1912 698 1993 Aequom
719 1922 764 1974 est
783 1931 836 1975 nos
850 1914 879 1974 in
895 1931 995 1976 amore
1012 1925 1067 1976 tem
1079 1917 1161 1975 mod

134 1994 484 2141 qqqiqmqqqepsrcipere
499 2015 536 2056 ex
550 2005 580 2056 te
592 1996 785 2077 voluptatem,
808 2006 908 2078 quatu
929 1998 1088 2076 perfrueris
1101 2015 1133 2058 ex
1195 2005 1196 2016 ¹

595 2258 603 2274 .
636 2211 699 2273 llll.

213 2309 241 2363 o.
261 2308 386 2359 romnus
403 2213 728 2364 cmunrhlnimnlo
749 2311 937 2365 raosoosno
957 2314 1019 2367 suo
1036 2315 1064 2371 S.
1139 2341 1162 2397 q

110 2427 125 2477 1
196 2407 308 2488 Recepi
323 2407 433 2471 litteras
446 2419 526 2491 tuas,
543 2433 580 2475 ex
594 2415 696 2494 quibos
709 2412 833 2492 cognovi
850 2422 879 2474 te
896 2415 1134 2494 speciosissimam

109 2522 114 2530 ‹
135 2493 277 2572 porticum
292 2492 345 2554 sub
359 2502 408 2555 tuo
424 2493 531 2576 filiique
544 2500 584 2559 tui
595 2498 708 2559 nomine
720 2496 889 2574 dedicasse,
905 2501 1040 2578 sequenti
1056 2500 1134 2561 dieio

135 2586 279 2656 portarum
294 2587 419 2638 ornatum
432 2581 582 2659 pecuniam
593 2583 773 2661 promisisse,
788 2591 819 2642 ut
835 2581 944 2642 initium
957 2600 1053 2646 novae
1068 2583 1134 2644 libo·

107 2662 250 2728 dualitatis
263 2672 343 2724 esset
358 2666 562 2726 consummatio
576 2666 688 2744 prioris.
712 2661 828 2725 Gaudeo
842 2665 964 2745 primum
978 2676 1026 2727 tua
1037 2667 1133 2746 gloria,

134 2748 215 2809 cuius
236 2747 271 2808 ad
291 2765 337 2808 me
361 2764 426 2825 pars
447 2748 540 2827 aliqua
562 2767 616 2828 pro
635 2748 849 2810 necessitudine
869 2757 967 2810 nostra
985 2750 1164 2816 redundabit

133 2831 236 2892 deinde
258 2831 335 2909 quod
355 2835 518 2893 memoriam
535 2833 630 2893 soceri
651 2833 707 2892 mei
727 2830 925 2910 pulcherrimis
942 2835 1083 2912 operibus
1096 2833 1134 2893 ai·

131 2915 189 2973 deo
215 2914 354 2992 proierni;
385 2926 531 2994 postremo
556 2916 632 2995 quod
654 2916 743 2996 patria
762 2924 860 2976 nostra
879 2915 1026 2997 durescit,
1058 2933 1135 2999 quan

133 2995 200 3055 mihi
213 3014 229 3055 a
245 3015 424 3078 quocumque
440 3000 534 3061 excoli
544 3000 706 3077 iucundum,
721 3017 737 3060 a
750 3008 781 3061 te
795 3018 867 3061 vero
881 2999 1069 3062 laetissima
1084 3009 1132 3064 est.

107 3076 218 3151 30uod
233 3092 383 3159 superest,
407 3083 478 3144 deos
493 3100 598 3162 precor
612 3091 642 3143 ut
657 3085 776 3146 animum
792 3085 878 3147 istum
893 3084 961 3173 tibi,
984 3085 1079 3148 animo
1090 3085 1133 3146 isti

133 3171 246 3240 tempus
262 3182 344 3242 quam
366 3164 561 3245 longissimum
581 3167 715 3229 tribuant.
743 3167 814 3229 Nam
827 3169 918 3247 liquet
932 3168 1001 3229 mihi
1014 3169 1164 3230 iuturomii
1188 3204 1195 3213 ·

132 3255 162 3306 ut
174 3256 292 3324 peracto
306 3248 382 3327 quod
398 3253 527 3329 proxime
543 3251 832 3329 promisistiinchoes
846 3250 932 3312 aliud
949 3251 1055 3315 Nescit
1064 3253 1133 3316 enirn

132 3327 223 3389 semel
239 3330 519 3476 inpitatavliberalitas
535 3343 622 3412 stare,
641 3335 721 3396 cuius
736 3334 975 3415 pulchritudinem
989 3355 1061 3401 usne
1073 3340 1132 3420 ipsc

133 3428 261 3476 commen
281 3425 317 3477 at.
376 3417 431 3478 ale.
