2400 3840
104 201 168 265 262
539 196 572 258 G.
594 193 692 258 l’thl

105 361 224 433 quantae
237 349 428 428 benignitatis,
445 351 539 427 quanti
554 351 670 427 spiritus
686 349 771 409 fuerit
786 366 901 428 sparsas
916 359 1012 430 atque,
1025 359 1056 410 ut
1071 351 1108 411 ita
1183 379 1189 415 ·,

104 435 211 512 dicam,
231 433 342 508 laceras
362 432 537 511 gentilitates
559 431 698 510 colligere
712 441 798 510 atqua
813 442 968 494 conectere
984 443 1013 493 ct
1029 437 1108 512 quasi

104 518 217 579 renasci
238 518 353 586 iubere;
379 517 493 578 deferre
516 515 592 593 quod
611 515 785 594 negabatur,
812 525 898 595 atque
919 517 947 575 id
960 527 1106 595 praestare

106 603 220 662 cunctis
232 600 309 679 quod
323 619 414 680 saepe
428 599 532 678 singuli
552 616 609 659 non
628 603 832 678 inpetrassent;
854 609 1000 678 postremo
1016 602 1108 679 ipsum

106 686 159 746 sibi
175 685 288 764 eripere
303 694 345 745 tot
358 685 562 747 beneficiorum
577 684 762 761 occasiones,
779 693 835 744 tam
848 701 1026 744 numerosam
1037 685 1132 744 obli-5

105 769 190 849 gandi
204 768 404 848 inputandique
420 769 574 828 materiam.
595 766 744 844 lndignum
757 767 845 828 oredo
861 769 889 828 ei
905 770 997 829 visum
1013 768 1048 828 ab
1058 768 1107 828 bo·

105 856 181 914 mine
197 855 256 932 peti
272 851 348 931 quod
363 852 400 912 dii
415 851 572 913 dedissent.
594 851 684 911 Soror
696 851 766 911 estis
777 859 807 911 et
817 850 921 928 irater,
938 869 1007 912 avus
1020 860 1049 912 et
1060 870 1108 911 ne·

105 946 206 1017 potes:
223 936 349 1015 quidest
365 953 436 1014 ergo
451 954 503 996 cur
517 937 627 1012 rogetis
641 943 673 994 nt
687 930 770 995 sitis?
796 935 880 995 vobis
897 937 978 996 estis.
1014 931 1108 1008 Quidi

106 1039 159 1100 pro
179 1029 277 1081 cetera
298 1038 348 1080 sua
365 1018 558 1079 moderatione
578 1035 635 1078 non
652 1020 742 1078 minus
762 1018 930 1079 invidiosum
943 1027 1023 1097 putat
1041 1018 1106 1078 dare

105 1103 291 1164 hereditatem
306 1120 388 1181 mam
401 1102 524 1164 auferre.
544 1101 622 1163 baeti
637 1119 709 1180 ergo
723 1101 797 1161 adite
808 1101 944 1178 honores,
964 1103 1107 1180 capessite
1118 1103 1151 1154 10

108 1187 264 1246 civitatem:
279 1187 419 1245 neminem
432 1185 489 1246 hoc
499 1184 718 1247 necessitudinis
729 1185 878 1262 abruptum
889 1185 969 1246 velut
979 1195 1109 1246 huncum

106 1277 331 1347 amputatumque
347 1268 498 1331 destituet:
523 1269 614 1330 isdem
628 1286 727 1329 omnes
743 1269 845 1347 quibus
856 1279 920 1329 ante
931 1269 1107 1348 pignoribus,

107 1351 159 1414 sed
178 1352 361 1416 honestiores
380 1353 572 1431 perfruentur.
605 1353 649 1413 hc
670 1371 708 1413 ne
728 1361 855 1414 remotus
871 1352 985 1431 quidem
999 1355 1109 1432 iamque

107 1436 265 1498 deliciantis
290 1435 439 1498 adfinitatis
461 1437 581 1516 gradm,
606 1436 762 1517 aqualibet
777 1438 931 1514 quantitate
944 1437 1109 1497 vicesimam

106 1521 213 1581 inlerre
235 1530 365 1598 cogetur.
397 1521 499 1582 Statuit
513 1523 587 1580 enim
609 1521 763 1580 communis
777 1522 899 1580 omnium
915 1538 1018 1598 parens
1034 1524 1152 1580 sum-15

56 1598 181 1664 40marn
198 1622 270 1681 quae
291 1603 471 1680 publicanum
490 1606 549 1683 pati
569 1605 669 1683 possit.
708 1600 823 1664 carebit
843 1621 932 1663 onere
954 1604 1108 1664 vicesimae

107 1704 195 1764 parva
211 1696 241 1746 et
255 1687 337 1746 exilis
353 1688 512 1765 hereditas,
527 1697 556 1748 et
571 1690 594 1747 si
608 1690 646 1748 ita
665 1696 762 1765 gratus
777 1687 864 1748 heres
878 1686 976 1765 volet,
990 1695 1049 1748 tota
1062 1704 1109 1747 se·

107 1768 226 1848 pulcro,
241 1778 300 1829 tota
314 1769 405 1831 funeri
417 1772 534 1833 serviet.
556 1769 647 1830 Nemo
663 1772 843 1848 observator,
859 1787 944 1830 nemo
957 1773 1111 1848 castigator

39 1903 47 1917 .
108 1850 237 1912 adsistet.
258 1850 434 1932 Cuicumque
449 1853 559 1915 modica
572 1856 694 1933 pecunia
710 1872 747 1914 en
757 1854 915 1915 hereditate
926 1853 1044 1915 alicuius
1057 1854 1108 1913 ob·

108 1938 235 2013 venerit,
258 1954 377 1998 securus
392 1938 493 1998 habeat
512 1939 685 2017 quietusque
698 1939 853 2017 possideat.
884 1937 927 1998 lde
940 1936 989 1996 lex
1002 1938 1108 1997 vicesi-
1118 1943 1154 1996 20

107 2037 170 2080 mae
189 2020 264 2081 dicta
283 2029 327 2081 est
348 2031 378 2081 ut
396 2020 431 2082 ad
454 2022 612 2100 periculum
628 2023 690 2082 eius
706 2023 849 2100 perveniri
866 2021 919 2082 nisi
934 2021 1037 2099 opibus
1053 2037 1110 2079 non

108 2106 210 2182 possit.
233 2102 380 2166 Conversa
395 2115 440 2166 est
453 2106 584 2183 iniquitas
600 2107 629 2165 in
646 2105 879 2183 gratulationem,
900 2106 1000 2165 iniuria
1014 2106 1043 2164 in
1058 2121 1108 2162 vo·

108 2197 180 2247 tum:
206 2196 286 2266 optat
303 2187 389 2248 heres
414 2199 446 2250 ut
465 2190 628 2250 vicesimam
646 2189 757 2250 debeat.
795 2187 929 2248 Additum
950 2197 995 2249 est
1010 2196 1040 2248 ut
1062 2189 1110 2266 qui

108 2271 246 2331 eiusmodi
267 2290 304 2332 ex
324 2274 418 2334 causis
437 2274 467 2332 in
486 2273 561 2333 diem
577 2273 662 2334 edicti
678 2272 842 2333 vicesimam
855 2271 1011 2349 deberent,
1039 2289 1109 2330 non·

109 2352 174 2413 dum
186 2363 280 2414 tamen
294 2355 471 2434 intulissent,
498 2374 555 2416 non
569 2356 716 2417 inferrent.
750 2356 789 2417 At
803 2357 831 2414 in
845 2357 1029 2435 praeteritum
1042 2355 1109 2415 sub·
1118 2364 1153 2416 25

108 2437 257 2496 venirene
274 2436 311 2495 dii
327 2438 439 2516 quidem
456 2449 590 2517 possunt:
605 2448 743 2502 tutamen
760 2440 936 2517 subvenisti,
952 2440 1110 2516 cavistiquc

108 2528 138 2578 nt
153 2516 298 2577 desineret
313 2522 434 2599 quisque
449 2522 557 2585 debere
570 2522 645 2601 qnod
661 2543 721 2586 ooo
737 2532 818 2584 esset
832 2532 936 2600 postea
950 2521 1108 2597 debiturus,

108 2600 137 2661 id
152 2609 198 2661 est
212 2600 335 2662 effecisti
351 2621 386 2662 ne
401 2603 491 2664 malos
505 2608 651 2684 principes
667 2606 873 2668 habuissemus.
903 2605 967 2680 Quo
981 2607 1108 2683 ingenio,

109 2687 134 2746 si
151 2694 248 2746 natura
262 2695 424 2765 pateretur,
446 2706 528 2766 quam
542 2689 666 2750 libenter
678 2699 720 2751 tot
735 2690 881 2770 spoliatis,
906 2699 948 2750 tot
963 2689 1110 2750 trucidatis

108 2771 272 2849 sanguinem
287 2780 317 2831 et
331 2771 405 2831 bona
419 2772 592 2834 refudisses!
612 2772 736 2834 Vetuisti
752 2774 829 2852 exigi
846 2772 922 2852 quod
938 2773 1038 2834 deberi
1053 2782 1153 2836 nonde

107 2863 156 2914 tuo
172 2852 290 2914 sacculo
305 2865 451 2934 coeperat.
475 2855 558 2918 Alius
573 2866 609 2917 ut.
618 2859 829 2919 contumacibus
841 2860 1014 2918 irasceretur
1026 2857 1110 2917 tardi-

106 2945 250 3014 tatemque
265 2936 397 2999 solvendi
412 2938 490 3018 dupli
505 2939 595 3000 velet
609 2941 757 3020 quadrupli
772 2943 948 3019 inrogatione
963 2939 1111 3002 multaret:

107 3028 137 3078 tu
151 3017 220 3077 nihil
234 3019 345 3081 relerre
360 3023 512 3101 iniqnitatis
533 3025 692 3101 existimas,
719 3027 817 3101 exigas
836 3024 914 3104 quod
934 3024 1033 3085 deberi
1055 3042 1112 3084 non

56 3105 96 3169 41
109 3103 283 3179 oportuerit,
299 3121 334 3163 an
349 3107 504 3166 constituas
520 3116 551 3167 ut
565 3106 724 3168 debeatur?
751 3107 857 3187 Feres,
874 3106 998 3185 Caesar,
1015 3125 1112 3168 curam

107 3194 137 3244 et
156 3181 375 3246 sollicitudinem
397 3187 584 3249 consularem.
619 3190 691 3251 Nam
710 3192 776 3252 mihi
793 3194 927 3271 cogitanti
944 3191 1067 3252 eundem
1080 3199 1154 3254 teau

107 3268 276 3330 collationes
293 3272 455 3349 remisisse,
472 3271 632 3333 denadvum
644 3273 821 3352 reddidisse,
839 3278 1013 3354 congiarium
1029 3275 1112 3336 obtu-

45 3387 63 3402 ··
105 3351 192 3432 lisse,
208 3348 352 3412 delatores
369 3352 523 3431 abegisse,
546 3357 699 3433 vectigalia
713 3367 909 3438 temperasse,
932 3361 1111 3436 interrogan-

106 3433 160 3496 dus
173 3434 280 3497 videris
293 3435 400 3496 satisne
416 3440 615 3516 computaveris
629 3441 741 3518 imperii
756 3441 873 3502 reditus.
899 3440 946 3501 An
962 3451 1054 3502 tantas
1069 3444 1112 3502 vi·
