2400 3840
115 161 178 225 142
542 154 576 217 C.
598 154 694 216 PLlNl
758 152 761 156 ’

117 314 193 393 quod
216 312 318 373 scribis
334 311 424 373 luisse
441 307 576 389 quosdam
598 310 647 387 qui
662 307 907 386 reprehenderent
925 306 1004 387 quod
1018 311 1112 370 oratio·

115 415 168 457 nes
185 397 297 456 omnino
315 396 479 463 recitarem
503 394 558 454 nisi
579 410 649 452 vero
670 391 721 452 luas
742 390 819 453 solas
836 408 894 451 non
909 400 1010 470 putant
1026 411 1113 454 ernen-

91 479 232 540 alendas.
260 480 286 539 Α
301 480 403 558 quibus
418 478 543 539 libenter
558 478 737 556 requisierim
753 493 804 535 eur
819 475 997 554 concedant,
1013 477 1038 538 si
1052 494 1114 537 con·

118 563 221 623 cedunt
235 571 337 642 tannen,
352 563 498 624 historiam
513 561 618 621 debere
633 561 759 637 recitari,
778 577 851 639 quaa
864 576 922 619 non
938 562 1113 621 ostentationi

117 646 169 707 sed
192 647 257 707 lndei
272 649 441 726 veritatique
459 646 651 724 componitur,
680 662 731 702 cur
750 643 943 722 tragoediam,
972 662 1046 723 quae
1063 653 1136 705 nont

117 731 283 790 auditorium
300 732 352 792 sed
366 748 498 792 scaenam
511 738 540 788 et
550 737 674 805 actores,
694 746 745 787 cur
755 726 854 805 lyrica,
872 745 947 804 quae
958 745 1016 788 non
1028 727 1114 789 lecto·

117 832 179 876 rem
196 815 248 876 sed
268 815 385 874 chorum
406 824 436 874 et
458 813 546 888 lyram
567 820 698 890 poscunt.
728 811 773 870 Ad
796 810 895 869 horum
918 812 1050 872 recitatio
1066 831 1113 874 usu

95 899 171 960 liam
193 907 311 976 recepta
336 907 389 958 est.
428 896 501 955 Num
524 908 596 973 erge
616 894 771 973 culpandus
795 903 839 954 est
860 893 910 953 ille
932 896 981 972 qui
1003 893 1114 975 coepitl

120 981 290 1058 Quamquam
309 982 452 1039 orationes
467 995 581 1057 quoque
597 988 626 1038 et
646 981 735 1040 nostri
750 978 860 1057 qnidam
876 987 905 1037 et
921 976 1025 1040 Graeci
1038 979 1114 1041 lecti·

95 1072 255 1128 staverunt.
277 1063 490 1140 Supervacuum
503 1070 594 1122 tamen
607 1072 652 1122 est
662 1065 783 1122 recitare
796 1080 868 1140 quae
880 1060 998 1123 dixeris.
1017 1061 1113 1140 Etiam,
1122 1076 1147 1127 lo

119 1147 144 1205 si
159 1145 258 1205 eadem
274 1147 380 1222 omnia,
405 1146 429 1206 si
447 1145 537 1206 isdem
552 1147 699 1222 omnibus,
716 1147 741 1206 si
757 1146 849 1206 statim
863 1145 988 1206 recites:
1010 1148 1114 1207 sivero

118 1227 205 1288 multa
219 1229 342 1305 inseras,
366 1227 453 1289 multa
475 1238 647 1306 commutes,
666 1231 690 1290 si
706 1226 841 1308 quosdam
854 1246 967 1307 novos,
984 1230 1115 1307 quosdam

119 1313 254 1392 eosdem,
276 1313 328 1374 sed
347 1322 415 1394 post
434 1323 547 1393 tempus
569 1313 715 1389 adsumas,
740 1331 790 1372 car
806 1315 895 1372 minus
909 1313 1115 1391 probabilissit

96 1409 204 1462 ficausa
218 1398 354 1459 recitandi
372 1417 443 1480 quae
457 1397 562 1459 dixeris
577 1414 659 1475 quarn
671 1393 794 1456 edendi?
820 1395 878 1455 Sed
896 1395 1015 1457 difficile
1030 1406 1075 1458 est
1088 1406 1115 1456 ut

120 1484 220 1560 oratio,
238 1483 303 1542 dum
318 1485 463 1560 recitatur,
476 1482 638 1543 satisfaciat.
661 1479 718 1540 lam
734 1480 790 1540 hoc
805 1479 841 1539 ad
855 1478 985 1540 laborem
998 1482 1115 1543 recitan·
1123 1491 1148 1542 15

96 1565 156 1630 itis
176 1569 316 1643 pertinet,
340 1583 396 1625 non
416 1567 451 1626 ad
471 1568 608 1626 rationem
629 1582 686 1624 non
705 1563 850 1624 recitandi.
884 1561 948 1623 Nec
961 1582 1034 1625 vero
1051 1583 1113 1644 ego,

120 1648 185 1706 dum
202 1651 310 1725 recito,
335 1648 456 1725 laudari,
483 1647 536 1709 sed
556 1648 618 1707 dum
638 1648 738 1725 legor,
766 1648 859 1726 cupio.
891 1646 992 1727 ltaque
1014 1649 1115 1710 nullum

20 1734 24 1745 '
121 1731 285 1789 emendandi
312 1749 403 1808 genus
425 1730 532 1791 omitto.
570 1731 614 1791 Ao
640 1735 757 1809 primum
781 1749 854 1810 quae
878 1733 983 1812 scripsi
1008 1750 1115 1793 mecum

118 1816 182 1889 ipse
197 1823 355 1890 pertracto;
373 1814 474 1874 deinde
489 1812 599 1876 duobus
613 1825 660 1875 aut
675 1815 766 1875 tribus
780 1815 864 1893 lego;
879 1833 946 1875 mox
961 1815 1026 1878 aliis
1041 1816 1115 1877 uado

118 1896 272 1958 adnotanda
283 1907 421 1977 notasque
434 1915 543 1977 eorum,
559 1901 584 1960 si
594 1899 703 1977 dubito,
716 1916 778 1957 curn
790 1916 847 1959 uno
859 1917 958 1960 rursus
970 1909 1020 1960 aut
1028 1901 1152 1968 alterono

118 1983 246 2060 pensito;
272 1984 426 2044 novissime
447 1982 575 2061 pluribus
596 1984 705 2060 recito,
729 2000 763 2042 ac
790 1985 814 2043 si
833 1982 901 2062 quid
920 1983 988 2043 milui
1013 1984 1115 2060 eredis,

94 2075 187 2131 stunc
200 2068 337 2128 acerrime
354 2068 483 2128 emendo.
517 2066 588 2127 Nam
610 2076 686 2128 tanto
704 2066 868 2143 diligentius
885 2076 990 2145 quanto
1012 2067 1116 2128 sollici·

118 2151 174 2212 tius
190 2152 313 2211 intendo.
342 2150 454 2229 Optime
475 2160 568 2211 autern
583 2152 743 2212 reverentia
758 2150 851 2229 pudor
866 2160 960 2212 metus
979 2151 1117 2219 iudicant,

117 2233 202 2310 idque
215 2233 287 2293 adeo
303 2235 345 2294 sic
358 2235 441 2294 habe.
463 2232 575 2312 Nonne,
592 2237 616 2296 si
627 2234 772 2294 locuturus
789 2253 822 2295 es
837 2251 900 2293 curn
915 2233 1011 2314 aliquo
1025 2253 1116 2316 quam·

118 2315 188 2374 libet
204 2315 302 2393 docto,
319 2332 375 2374 uno
391 2325 494 2395 tamen,
510 2319 600 2378 minus
616 2320 814 2394 commoveris,
832 2319 953 2396 quamsi
969 2336 1035 2379 oum
1049 2318 1153 2380 mul-lt

94 2399 156 2462 otis
170 2396 218 2456 vel
234 2396 378 2459 indoctis?
397 2399 508 2478 Nonne,
526 2419 588 2461 curn
603 2404 695 2480 surgis
706 2401 741 2461 ad
752 2402 903 2480 agendum,
920 2411 987 2462 tune
999 2405 1116 2464 maxime

118 2481 169 2540 tibi
184 2481 247 2558 ipse
264 2480 385 2560 dillidis,
402 2493 469 2544 tunc
485 2495 668 2563 commutata,
686 2503 742 2546 non
759 2485 825 2545 dico
840 2485 976 2564 plurima,
996 2487 1049 2549 sed
1061 2505 1117 2549 om·

116 2565 162 2624 nia
176 2561 279 2643 cupis?
293 2567 389 2644 utique
405 2568 430 2628 si
444 2568 527 2630 latior
538 2587 640 2630 scaena
651 2578 681 2630 et
693 2586 798 2630 corona
809 2569 954 2639 diffusior;
969 2589 1034 2630 nam
1051 2571 1117 2631 illos

78 2663 109 2715 lo
117 2667 231 2730 qnoque
243 2650 372 2712 sordidos
384 2652 565 2732 pullatosque
576 2671 748 2714 reveremur.
769 2653 881 2731 Nonne,
894 2655 919 2716 si
930 2655 1020 2734 prima
1032 2673 1117 2734 quae·

117 2751 173 2812 qne
186 2735 329 2814 inprobari
347 2746 444 2814 putas,
464 2737 616 2797 debilitaris
632 2746 662 2797 et
678 2734 826 2798 concidis?
848 2736 971 2816 Opinor,
1000 2742 1066 2818 quia
1090 2740 1154 2805 iaso

115 2836 233 2880 numero
254 2819 318 2898 ipso
342 2829 388 2881 est
408 2820 545 2899 quoddam
573 2838 703 2899 magnum
727 2820 926 2899 conlatumque
952 2823 1116 2899 consilium,

77 2905 277 2981 ltquibusque
299 2902 420 2980 singulis
438 2904 536 2965 iudicii
556 2922 669 2983 parum,
685 2904 814 2966 omnibus
830 2904 988 2984 plurimum.
1017 2904 1116 2986 ltaque

115 2982 288 3063 Pomponius
299 2987 447 3050 Secundus
463 2989 526 3068 (hie
538 2991 661 3068 scriptor
672 2989 908 3068 tragoediarum),
924 2991 949 3051 si
962 2990 1030 3068 quid
1042 2992 1116 3051 forte

115 3068 277 3129 familiarior
296 3072 402 3132 amicus
426 3071 598 3150 tollendum,
626 3074 689 3150 ipse
718 3073 895 3133 retinendum
920 3072 1114 3152 arbitraretur,

115 3151 212 3214 dicere
230 3153 343 3215 solebat
358 3155 404 3215 ‘ad
421 3155 557 3234 populum
571 3161 730 3236 provooo',
747 3164 833 3234 atque
847 3158 884 3216 ita
900 3176 938 3217 ex
953 3156 1056 3237 populi
1069 3156 1154 3218 volti

115 3238 227 3300 silentio
242 3237 291 3299 vel
303 3239 425 3301 adsensu
442 3250 489 3299 aut
504 3257 581 3300 suam
593 3247 640 3299 aut
653 3239 735 3298 amici
749 3242 916 3301 sententiam
929 3243 1113 3320 sequebatur.

75 3321 232 3383 ln'lantum
246 3323 295 3385 ille
311 3323 420 3403 populo
435 3322 527 3384 dabat.
547 3320 647 3383 ‘Recte
660 3341 695 3382 an
710 3341 813 3403 secus,
828 3323 898 3385 nihil
912 3324 948 3384 ad
964 3343 1020 3386 me.
1048 3324 1112 3402 ligo

114 3409 188 3467 enim
203 3428 258 3471 non
268 3407 405 3490 populum
420 3405 559 3468 advocare
572 3406 624 3469 sed
638 3415 733 3469 certos
744 3408 914 3486 electosque
927 3409 1023 3488 soleo,
1041 3426 1114 3487 quos
