2400 3840
304 183 566 247 unsruuaauu
581 196 722 251 ss.--m.
737 189 904 266 [σι-ιι]
1041 190 1106 254 ars

469 336 582 399 ιιιιιι.
605 337 736 416 [uxum

324 433 352 486 G.
367 435 493 489 PLINIUS
510 437 654 489 TRAIANO
672 438 880 492 IMPERATORI.
970 471 981 491 .

163 537 278 600 Flavius
299 538 465 617 Archippus
486 558 539 618 per
559 538 679 601 salutem
694 549 770 602 tuam
784 543 1039 621 aeternitatemque
1054 560 1104 620 pc-

98 624 160 686 tita
173 640 219 682 mc
234 631 266 682 ut
280 620 408 683 libellum
423 641 508 702 quem
521 623 588 684 milri
603 624 681 686 dedit
696 627 838 686 mitterem
857 626 916 686 tibi.
948 624 1032 698 Quod
1046 643 1104 702 ego

72 708 142 770 asic
157 706 270 785 roganti
287 706 486 785 praestandum
500 708 607 787 putavi,
622 708 662 768 ita
676 717 770 769 tamen
780 719 812 771 ut
826 709 977 772 missurum
993 726 1038 769 me
1053 727 1103 769 nc·

97 800 158 851 tum
171 792 340 852 accusatrici
352 792 415 851 eius
430 790 573 866 lacerem,
589 808 605 850 a
621 809 676 871 qua
691 795 796 872 etipsa
811 802 962 873 acceptum
976 790 1104 852 libellum

97 874 143 935 his
160 873 290 954 epistulis
305 876 398 952 iunxi,
421 891 479 954 quo
500 874 611 936 facilius
633 873 713 936 velut
728 876 820 938 audita
833 887 953 954 utraque
968 884 1049 955 partc
1063 876 1104 936 di·
1173 873 1192 896 ·’

98 960 229 1038 spicercs
245 958 312 1036 quid
325 956 503 1020 statuendum
519 967 644 1036 putares.

56 1140 90 1192 10
487 1107 709 1188 cuprum]

434 1207 596 1258 TRAIANUS
613 1206 719 1259 PLINIO
738 1206 764 1259 S.

142 1307 235 1368 Potuit
249 1308 363 1386 quidem
379 1311 528 1386 ignorasse
548 1309 726 1371 Domitianus
746 1311 774 1370 in
792 1327 849 1388 quc
865 1319 940 1370 statu
956 1320 1035 1371 esset
1049 1310 1102 1371 Ar-

100 1391 240 1471 chippus,
265 1410 329 1452 cum
345 1401 400 1452 tam
419 1391 506 1467 multa
522 1391 557 1452 ad
578 1391 716 1454 honorem
731 1395 793 1453 cios
810 1393 980 1471 pertinentia
994 1393 1102 1453 scribe·

98 1485 158 1536 ret:
176 1476 229 1536 sed
249 1493 330 1536 meac
352 1485 468 1536 naturae
489 1476 729 1538 accommodatius
751 1486 796 1537 cst
812 1473 932 1536 credere
948 1477 1031 1536 etiam
1047 1485 1103 1536 sta·

56 1571 89 1624 15
99 1561 139 1618 tui
155 1561 216 1619 eius
233 1560 402 1620 subventum
415 1561 576 1621 interventu
590 1561 741 1640 principis,
756 1560 925 1639 praesertim
940 1562 1102 1619 cumetiam

98 1652 252 1705 statuarum
267 1645 295 1703 ei
308 1642 399 1702 honor
413 1644 520 1704 totiens
536 1641 670 1705 decretus
692 1646 729 1704 sit
745 1642 781 1704 ab
794 1643 830 1704 iis
846 1643 893 1721 qui
911 1662 971 1704 oon
988 1645 1100 1721 ignora·

97 1727 165 1787 bant
188 1726 254 1806 quid
271 1726 306 1786 dc
328 1725 380 1786 illo
400 1725 516 1787 Paullus
533 1727 689 1806 proconsul
711 1729 932 1806 pronuntiasset.
966 1727 1046 1800 Quae
1061 1738 1102 1787 ta·

97 1828 179 1889 men,
208 1811 245 1870 mi
261 1809 395 1871 Secunde
417 1810 580 1888 carissime,
594 1830 652 1872 uon
667 1829 702 1871 eo
717 1812 862 1892 pertinent
877 1819 924 1888 ut,
940 1812 965 1872 si
980 1811 1046 1890 quid
1061 1810 1102 1871 illi

97 1896 164 1955 novi
181 1895 303 1955 criminis
319 1895 456 1973 obicitur,
477 1896 568 1955 minus
591 1895 627 1956 de
643 1913 679 1957 eo
696 1894 864 1955 audiendum
880 1905 975 1973 putes.
1007 1893 1101 1955 Libel-

54 1977 258 2052 aoloslluriae
275 1978 384 2039 Primae
399 1979 596 2056 accusatricis,
611 1980 680 2039 item
693 1980 784 2059 ipsius
798 1977 955 2057 Archippi,
972 1996 1044 2057 quos
1060 1977 1100 2038 al·

96 2062 150 2123 teri
165 2061 306 2141 epistulae
320 2072 386 2122 tuae
399 2064 541 2139 iunxeras,
556 2060 625 2141 legi.

465 2212 537 2273 mu.
559 2211 718 2291 [muru]

322 2312 348 2362 C.
366 2311 493 2364 PLINIUS
508 2311 653 2362 TRAIANO
669 2309 875 2360 IMPERATORI.

55 2447 89 2500 25
158 2429 201 2491 Tu
222 2431 352 2510 quidem,
373 2431 502 2508 domins,
526 2429 774 2510 providentissime
794 2429 904 2490 vereris
919 2445 956 2488 ne
972 2427 1129 2494 commis-1

98 2534 148 2577 sus
162 2514 268 2576 flumini
291 2526 376 2595 atque
396 2515 523 2576 itamari
543 2513 623 2576 lacus
639 2514 751 2575 cldoat:
773 2511 826 2575 sed
846 2531 904 2590 ego
920 2514 949 2572 in
965 2529 998 2571 re
1019 2528 1101 2590 prae·

97 2601 172 2660 senti
192 2601 338 2662 invenisse
357 2599 457 2660 videor
477 2598 710 2678 quemadmodum
732 2597 798 2658 huic
815 2595 946 2676 periculo
968 2612 1101 2656 occurre·

96 2700 168 2743 rem.
197 2682 297 2745 Potest
317 2685 392 2746 enirn
409 2682 489 2745 lacus
503 2683 583 2744 lossa
596 2702 688 2762 usque
702 2682 739 2743 ad
755 2682 859 2744 flumen
873 2679 975 2741 adduci
990 2696 1046 2738 nec
1061 2687 1127 2743 tan

97 2768 203 2828 meniu
219 2767 323 2829 flumen
344 2768 450 2846 emitti,
472 2766 525 2829 sed
543 2766 646 2829 relicto
663 2768 743 2846 quasi
758 2767 885 2842 margine
897 2762 1037 2824 contineri
1052 2778 1101 2839 pa·

55 2852 168 2913 acriter
181 2860 211 2913 et
226 2851 324 2915 dirimi.
347 2851 395 2912 Sic
408 2868 617 2929 consequemur
630 2859 661 2909 ut
676 2867 732 2910 nec
745 2850 839 2909 ricino
853 2846 983 2907 videatur
997 2843 1102 2904 flumini

98 2937 203 2996 mixtus
226 2944 255 2997 et
276 2937 313 2999 sit
333 2933 452 3016 periodo
472 2936 552 2995 acsi
574 2935 736 2995 misceatur.
768 2930 831 2992 Erit
851 2930 926 2991 enim
948 2927 1034 2990 lacile
1048 2945 1102 3007 per

98 3019 175 3080 illam
188 3021 384 3081 brevissimam
400 3028 503 3079 terram
520 3034 593 3096 quae
608 3014 787 3076 interiaccbit
801 3013 921 3074 advecta
937 3012 1017 3075 fossa
1033 3028 1101 3071 cne-

98 3122 128 3164 ra
142 3113 330 3181 transponere
350 3102 379 3161 in
398 3102 512 3162 flumen.
546 3099 630 3173 Quod
643 3101 683 3160 ita
698 3100 763 3176 liet,
783 3101 807 3159 si
824 3097 983 3158 necessitas
1001 3104 1127 3173 coget,3

98 3197 139 3264 et,
155 3205 253 3266 spero,
268 3205 324 3247 non
339 3196 435 3264 coget.
453 3185 506 3246 Est
520 3185 595 3246 enim
609 3194 639 3244 et
653 3182 733 3244 lacus
746 3182 811 3260 ipse
823 3182 891 3243 satis
902 3181 975 3242 altus
988 3189 1017 3240 et
1027 3196 1101 3238 nunc

55 3281 89 3343 35
99 3273 127 3331 iu
143 3274 309 3332 contrariam
324 3279 432 3348 partem
447 3269 551 3330 flumen
566 3269 683 3344 emittit,
705 3265 780 3345 quod
796 3264 980 3327 interclusum
993 3262 1059 3323 inde
1073 3271 1102 3320 et

99 3373 156 3436 quo
171 3354 301 3415 volumus
316 3370 447 3416 aversum
464 3355 525 3414 sine
541 3352 600 3412 ullo
615 3352 785 3412 detrimento
800 3348 880 3412 lacus
894 3359 1000 3410 tantum
1012 3362 1101 3424 aquae

100 3448 232 3518 quantum
251 3455 325 3498 nunc
345 3445 439 3517 portat
460 3436 594 3496 effundet.
625 3434 778 3495 Praeterea
797 3452 851 3515 per
866 3433 899 3494 id
914 3432 1109 3509 spatiorum
