2400 3840
100 197 163 261 240
528 193 561 256 G.
585 192 682 294 Phllil

101 349 193 427 dlius,
217 349 279 426 hic,
300 358 331 410 ut
350 349 438 409 irater
451 347 604 409 videretur.
638 347 679 407 Tu
699 347 840 408 sideribus
854 356 963 426 patrem
978 345 1104 423 intulisti,

101 451 159 495 non
173 431 209 492 ad
222 443 327 495 metum
342 435 462 510 civium,
484 449 541 492 non
562 434 591 492 in
611 429 809 492 contumeliam
823 433 981 507 numinum,
1005 448 1062 491 non
1077 433 1105 490 in

101 516 239 578 honorem
253 525 348 596 tunm,
366 517 418 578 sed
433 518 498 595 qnia
513 515 597 575 deum
611 514 716 576 credis.
742 513 835 575 llinus
849 525 895 576 est
909 514 981 592 hoc,
997 533 1061 575 cunr
1076 513 1105 574 dt

103 603 138 662 ab
160 601 195 660 iis
216 603 264 680 qui
278 612 309 663 et
323 620 392 662 sese
406 601 478 662 deos
494 609 600 678 putant.
632 597 691 659 Sed
708 597 778 659 licet
792 598 872 659 sslum
884 600 941 660 aris
954 597 1103 677 pulvinari·

103 687 157 748 bus
171 684 283 746 demine
298 685 395 763 colas,
410 701 467 745 non
482 682 538 743 alio
553 685 642 760 magis
657 692 752 743 tamen
765 681 849 742 deum
865 692 895 743 et
909 683 982 744 iacis
996 691 1026 742 et
1039 681 1128 761 pro-5

103 771 154 831 bas
171 788 253 849 quam
267 771 343 849 qnod
357 772 422 849 ipse
435 767 499 829 talis
515 786 559 828 es.
585 766 617 826 ln
634 768 764 846 principe
781 768 854 826 enim
869 769 918 844 qui
933 764 1030 827 electo
1042 784 1103 825 suc·

104 871 223 915 cessare
235 853 293 914 iato
305 854 450 915 concessit
464 869 519 912 una
533 849 689 930 eademque
703 851 860 911 certissima
870 849 1023 910 divinitatis
1035 847 1104 909 iides

104 947 150 998 est
172 937 263 998 bonus
284 953 448 999 successor.
483 933 556 995 Num
579 952 650 1012 ergo
670 934 721 995 tibi
746 952 784 995 ex
803 933 1002 995 inmortalitate
1019 935 1105 1011 patris

103 1020 209 1098 aliquid
224 1021 407 1098 adrogantiae
421 1014 568 1080 accessit?
589 1036 655 1078 num
667 1017 722 1079 hos
739 1019 883 1096 proximos
898 1017 1043 1078 diuinitate
1056 1035 1105 1096 pa·

103 1113 214 1163 rentum
234 1102 349 1164 desides
362 1121 396 1162 ac
412 1102 554 1181 superbos
569 1104 665 1179 potius
680 1120 763 1181 quam
775 1100 842 1163 illos
856 1109 973 1162 veteres
992 1111 1021 1161 et
1035 1102 1103 1160 anti·
1114 1106 1145 1158 10

104 1203 177 1265 quos
188 1181 360 1246 aemuleris?
378 1188 425 1266 qui
439 1186 495 1247 hoc
512 1187 607 1264 ipsum
621 1186 770 1264 imperium
787 1231 795 1246 .
813 1232 820 1245 .
841 1231 848 1244 .
865 1227 873 1244 .

165 1271 245 1331 ouius
265 1269 341 1350 pulsi
361 1269 507 1349 fugatique
527 1287 583 1330 nou
601 1269 677 1331 aliud
698 1271 786 1330 maius
800 1269 959 1330 habebatur
970 1268 1103 1329 indicium

104 1371 187 1433 quam
196 1355 420 1434 citriumpharct.
431 1353 511 1433 Ergo
519 1353 692 1415 sustulerant
702 1354 810 1414 animos
818 1362 848 1414 et
859 1354 955 1431 iugum
966 1371 1105 1414 excusse·

103 1448 176 1515 rant,
193 1457 249 1500 nec
263 1440 318 1498 iam
331 1439 480 1500 uobiscum
492 1437 528 1498 de
540 1455 591 1498 sua
601 1436 735 1498 libertate
746 1437 799 1499 sed
811 1436 847 1498 de
859 1448 957 1497 nostra
967 1438 1104 1497 servitute

105 1522 267 1600 certabant,
281 1541 318 1583 ac
333 1538 369 1583 ne
384 1521 503 1583 indutias
517 1521 631 1601 quidem
640 1520 695 1580 nisi
711 1523 811 1600 aequis
826 1520 1036 1584 conditionibus
1047 1521 1104 1580 ini·
1115 1528 1147 1581 15

54 1601 95 1666 l?
104 1607 187 1683 bant,
204 1605 346 1684 legesque
360 1614 391 1667 ut
404 1607 587 1685 acciperent,
604 1604 714 1665 dabant.
737 1604 777 1666 At
791 1622 865 1665 nunc
878 1603 963 1665 rediit
977 1605 1106 1664 omnibus

103 1699 196 1750 terror
211 1698 240 1749 et
252 1698 346 1750 metus
360 1699 390 1751 et
404 1698 501 1750 votum
515 1691 650 1768 imperata
670 1688 803 1749 faciendi.
839 1689 942 1748 Vident
960 1690 1034 1749 enim
1049 1687 1106 1747 Ro·

103 1788 214 1831 manum
234 1770 336 1832 ducem
351 1790 435 1831 unum
456 1791 493 1832 err
506 1772 564 1834 illis
579 1772 726 1833 veteribus
741 1781 770 1832 et
785 1772 907 1852 priscis,
938 1772 1040 1851 quibus
1054 1773 1105 1830 im·

103 1855 274 1933 peratorium
289 1871 392 1915 nomen
406 1853 545 1917 addebant
561 1857 686 1917 contecti
702 1855 838 1918 caedibus
854 1858 945 1934 campi
959 1865 988 1916 et
998 1854 1106 1915 iniecta

103 1938 230 2001 victoriis
251 1940 345 2000 maria.
377 1938 542 2018 Accipimus
563 1938 679 2000 obsides
701 1958 789 2019 ergo,
815 1958 872 2000 non
887 1941 1021 2017 emimus,
1049 1939 1148 1999 ne020

102 2023 266 2101 ingentibus
288 2022 392 2084 damnis
412 2025 604 2102 inmensisque
620 2025 782 2085 muneribus
796 2025 969 2103 paciscimur
984 2032 1014 2082 ut
1027 2025 1105 2083 uice·

102 2109 197 2167 rimus.
217 2106 346 2186 Rogant,
365 2107 540 2188 supplicant;
569 2107 717 2185 largimur,
733 2125 886 2186 negamus,
902 2117 1051 2187 auumque
1068 2125 1106 2166 ex

101 2191 212 2270 imperii
227 2193 390 2254 maiestate:
406 2201 492 2270 agunt
506 2193 610 2271 gratias
626 2193 674 2270 qui
687 2192 913 2270 inpetraverunt;
929 2208 985 2251 non
1001 2190 1104 2250 audent

103 2275 184 2352 queri
199 2275 300 2353 quihus
317 2286 449 2354 negatum
464 2286 520 2338 est.
540 2277 586 2336 An
596 2274 731 2353 audeant,
748 2276 795 2354 qui
810 2276 899 2337 sciant
914 2283 944 2335 te
956 2274 1103 2335 adsedisse

102 2358 291 2419 ferocissimis
312 2360 427 2439 populis
451 2378 486 2420 eo
502 2363 567 2439 ipso
582 2369 713 2438 tempora
728 2358 804 2437 quod
822 2360 1019 2419 amicissimum
1033 2357 1102 2434 iliis,
1112 2363 1146 2414 25

102 2438 296 2498 difficillimum
311 2444 411 2519 uobis,
428 2462 490 2503 cum
503 2443 648 2504 Danubius
662 2444 739 2520 ripas
753 2441 821 2520 gelu
832 2444 921 2519 iungit
934 2441 1105 2521 duratusque

103 2521 197 2598 glacie
214 2524 338 2598 ingentia
355 2533 438 2603 tergo
455 2526 531 2587 bella
547 2535 735 2606 transportat,
758 2543 821 2585 oum
836 2526 916 2586 ierac
931 2534 1034 2604 gentes
1049 2543 1105 2584 non

103 2603 169 2670 telis
185 2607 274 2683 magis
291 2624 373 2684 quam
388 2626 442 2668 suo
460 2609 558 2688 caelo,
576 2628 628 2671 suo
642 2609 737 2669 sidere
752 2606 910 2669 armantur?
943 2608 1002 2669 Sed
1016 2608 1064 2668 ubi
1079 2611 1105 2667 in

103 2689 233 2766 proximo
254 2699 300 2766 tu,
326 2708 384 2751 non
398 2709 484 2754 secus
498 2711 533 2753 ec
546 2695 570 2753 si
582 2703 704 2754 mutatae
720 2701 879 2772 temporum
895 2694 978 2752 vices
994 2700 1103 2768 essent,

100 2772 142 2831 illi
161 2772 274 2853 quidam
287 2773 411 2836 latibulis
426 2779 486 2837 suis
503 2775 592 2839 clausi
607 2776 789 2845 tenebantur;
804 2786 900 2836 nostra
914 2778 1025 2853 agmina
1039 2793 1104 2854 per·
1113 2783 1146 2837 30

102 2875 217 2918 cursare
234 2859 311 2936 ripas
327 2870 356 2921 ct
370 2860 460 2921 aliena
477 2861 648 2938 occasione,
665 2861 690 2921 si
706 2861 903 2939 permitteres,
918 2862 958 2918 uti
973 2860 1104 2938 ultroque

100 2936 223 2999 hiemem
238 2960 316 3003 suam
332 2944 459 3004 barbaris
474 2944 580 3004 inferre
595 2943 764 3022 gaudebant.

51 3017 91 3082 1³
166 3021 245 3082 Haec
272 3025 323 3084 tibi
355 3027 430 3106 apud
455 3027 554 3088 hostes
579 3029 738 3087 veneratio.
777 3026 851 3100 Quid
877 3027 953 3106 apud
978 3023 1104 3087 milites?

102 3120 184 3182 quarn
199 3103 411 3170 admirationem
425 3109 659 3189 quemadmodum
673 3108 856 3189 conparasti?
874 3128 938 3171 oum
953 3121 1050 3172 tecum
1064 3111 1104 3168 in·

102 3185 211 3265 edium,
234 3196 330 3250 tecum
344 3191 452 3254 ferrent
467 3195 556 3263 sitim;
574 3211 638 3254 cum
652 3195 680 3253 in
692 3193 741 3255 illa
754 3194 937 3256 meditatione
952 3194 1105 3272 campestri
1113 3205 1144 3258 35

99 3269 265 3332 militaribus
282 3277 380 3335 turmis
402 3277 611 3355 imperatorium
630 3276 780 3352 pulverem
794 3277 985 3357 sudoremque
1000 3279 1103 3338 misce·

100 3370 165 3430 res,
188 3356 314 3435 nihilque
338 3361 442 3420 ceteris
464 3361 517 3420 nisi
538 3360 643 3420 robore
663 3376 697 3418 ac
717 3363 888 3439 praestantia
903 3361 998 3440 dispar
1010 3360 1104 3422 libero

100 3431 190 3496 Marte
205 3456 279 3498 nunc
295 3439 403 3499 eminus
417 3441 474 3502 tela
491 3441 611 3504 librares
625 3459 700 3502 nunc
721 3442 820 3504 librata
840 3447 1025 3525 susciperes,
1047 3445 1103 3505 ala-
