2400 3840
105 170 148 234 83
528 161 562 224 Ο.
584 159 681 224 Pttdt

106 322 160 384 list
176 319 290 399 quidem
304 317 370 377 mihi
387 334 449 376 cum
467 316 523 377 isto
542 324 639 375 contra
656 331 740 392 quem
754 331 801 374 me
816 313 942 376 advocas
956 330 1017 373 non
1032 310 1109 391 plano

85 403 256 469 blanniliaris
277 401 330 463 scd
349 411 441 461 tamen
462 401 595 460 amicitia.
625 398 747 459 Accedit
768 398 826 458 huc
845 397 972 477 dignitas
993 397 1111 457 hominis

109 499 195 567 atque
208 487 255 546 hic
267 487 332 564 ipse
350 487 395 544 cui
412 484 569 544 destinatus
584 491 630 542 est
643 482 748 551 honor;
767 484 849 542 cuius
859 483 946 543 nobis
960 481 1020 541 hoc
1029 481 1112 540 maior

108 570 238 633 habenda
253 571 414 630 reverentia
432 578 478 629 est
498 566 574 646 quod
593 569 647 626 iam
661 566 713 625 illo
730 566 820 625 lancti
841 583 951 627 sumus.
982 563 1112 625 Naturale

110 664 155 717 est
176 656 250 714 euim
271 663 300 714 ut
317 671 351 714 ea
372 670 446 732 quae
467 654 532 729 quis
553 649 672 728 adeptus
693 658 738 710 est
759 651 823 727 ipsc
840 667 926 728 mam
943 648 1132 727 amplissimat

86 737 268 804 texistimari
284 737 364 797 velit.
395 736 454 796 Sed
474 734 542 795 mihi
562 735 699 811 cogitanti
718 732 879 793 adiuturum
895 751 944 792 me
960 731 1072 793 Corelli
1087 731 1113 790 fl·

111 823 165 883 liae
188 823 280 882 omnia
301 823 355 882 ista
375 819 477 897 frigida
499 828 528 879 et
549 820 641 877 inania
660 816 801 877 videntur.
835 816 1016 878 Obversatur
1028 813 1113 876 oculis

110 907 230 982 illevit,
250 923 307 983 quo
323 906 464 964 neminem
477 911 555 962 aetas
573 910 669 961 nostra
686 903 848 978 graviorem
866 902 1043 961 sanctiorem
1054 898 1114 960 sub·

111 991 237 1050 tiliorem
254 987 333 1056 tulit;
350 1002 434 1063 quem
450 1003 507 1063 ego
523 1002 586 1043 cum
604 1003 641 1043 cx
659 984 844 1045 admiratione
861 983 988 1062 diligere
1005 984 1114 1061 coepis-

112 1091 184 1150 sem,
200 1070 277 1148 quod
292 1071 409 1130 evenire
432 1078 529 1129 contra
544 1067 636 1146 solet,
655 1070 746 1146 magis
767 1067 919 1129 admiratus
935 1085 1018 1147 sum,
1040 1071 1146 1146 post-lt

88 1167 198 1234 aquam
214 1155 328 1231 penitus
350 1154 474 1230 inspexi.
505 1151 621 1231 inspexi
637 1154 711 1211 enim
727 1153 856 1231 penitus:
877 1151 949 1211 nihil
967 1169 985 1211 a
1007 1168 1055 1212 me
1070 1149 1115 1210 ille

114 1247 275 1315 secretum,
290 1253 347 1296 non
362 1237 505 1312 ioculare,
523 1253 580 1295 non
595 1238 719 1314 serium,
734 1252 791 1295 non
806 1236 907 1314 triste,
930 1253 991 1295 non
1005 1233 1114 1295 laetum.

88 1321 357 1387 6Adulescentulus
372 1338 465 1398 eram,
492 1329 521 1379 et
538 1323 593 1379 iam
610 1320 677 1379 mihi
693 1321 729 1379 ab
748 1318 798 1378 illo
813 1319 906 1379 honor
920 1328 1009 1397 atque
1027 1320 1115 1394 etiam,

112 1407 223 1467 audebo
240 1406 355 1483 dicere,
376 1406 538 1465 reverentia
553 1413 585 1463 nt
600 1402 712 1482 aequali
726 1403 894 1463 habebatur.
922 1400 978 1463 llle
994 1418 1076 1462 meus
1090 1401 1116 1459 in
1190 1438 1192 1475 :

112 1491 245 1571 petendis
263 1490 420 1550 honoribus
436 1489 605 1565 suffragator
618 1495 647 1546 et
665 1488 758 1563 testis,
774 1485 824 1546 ille
840 1487 869 1545 in
885 1486 1057 1546 inchoandis
1073 1485 1148 1547 doli

113 1574 215 1634 ductor
232 1583 262 1633 et
278 1590 388 1649 comes,
401 1571 451 1631 ille
464 1574 493 1630 in
508 1571 643 1648 gerendis
657 1571 825 1631 consiliator
836 1579 866 1630 et
879 1579 990 1649 rector,
1006 1569 1059 1630 illc
1073 1568 1115 1627 de-

114 1661 201 1733 nique
218 1659 246 1714 in
265 1656 395 1715 omnibus
414 1654 517 1714 ciliciis
539 1657 662 1732 nostris,
689 1671 857 1732 quamquam
874 1663 903 1713 et
920 1653 1078 1714 inbecillus
1090 1659 1117 1711 ct

89 1741 228 1814 tsenior,
252 1740 333 1815 quasi
350 1739 460 1798 iuvenis
477 1746 506 1796 et
521 1737 631 1799 validus
648 1737 889 1816 conspiciebatur.
912 1736 1058 1810 Quantum
1072 1733 1116 1796 illc
1186 1752 1191 1763 ·

115 1823 206 1882 famae
221 1839 301 1880 meae
318 1820 405 1898 domi,
423 1823 451 1879 in
466 1820 602 1899 publico,
621 1831 754 1900 quantum
770 1823 856 1882 etiam
870 1820 947 1899 apud
962 1823 1117 1900 principem
1143 1885 1146 1892 ¹
1190 1820 1192 1825 '

92 1903 267 1973 sadstmxitl
287 1904 358 1964 Nam
380 1922 443 1963 cum
466 1906 540 1965 lorte
564 1904 599 1963 dc
622 1906 704 1966 bonis
725 1905 875 1965 iuvenibus
899 1905 977 1982 apud
1000 1904 1152 1966 Narranti.

115 1992 315 2067 imperatorem
329 2006 424 2050 sermo
440 1988 588 2050 incidisset
603 1998 634 2051 et
650 1988 783 2068 plerique
799 2005 845 2048 me
857 1988 989 2049 laudibus
1002 1989 1116 2063 lerrent,

115 2072 264 2154 paulisper
280 2093 313 2134 se
329 2075 400 2133 intra
416 2073 561 2135 silentium
576 2075 684 2150 tenuit,
706 2073 781 2149 quod
799 2072 842 2131 illi
857 2071 1010 2150 plurimum
1026 2081 1117 2133 aucto·

114 2160 204 2218 ritatis
222 2157 357 2227 addebat3
381 2157 484 2217 deinde
499 2158 639 2234 gravitate
653 2174 736 2230 quam
750 2173 834 2217 noras
851 2161 989 2217 ‘necesso
1007 2161 1065 2218 est'
1080 2157 1117 2214 in·

116 2240 185 2320 quid
206 2243 332 2318 ‘parcius
351 2240 463 2300 laudem
485 2240 664 2317 Secundum,
691 2242 756 2318 quia
777 2237 847 2299 nihil
868 2241 922 2300 nisi
944 2258 983 2301 ex
998 2239 1116 2302 consilio

91 2334 182 2388 timeo
198 2322 288 2382 iacit?
317 2321 380 2394 Qua
395 2340 468 2383 voca
483 2325 582 2384 tribuit
597 2323 664 2383 mihi
682 2333 815 2400 quantum
829 2331 932 2403 petere
945 2333 1017 2385 voto
1035 2322 1151 2384 inmo-tt

117 2408 210 2466 dicum
226 2415 303 2483 erat,
326 2405 397 2464 nihil
413 2425 458 2467 me
473 2408 569 2468 iacere
587 2426 645 2467 non
658 2409 879 2486 sapientissime,
896 2425 962 2466 cum
977 2410 1071 2469 omnia
1086 2424 1120 2466 cx

116 2487 239 2549 consilio
261 2491 463 2566 sapientissimi
479 2493 532 2551 viri
547 2491 683 2552 iacerem,
714 2490 789 2563 Quin
804 2493 889 2551 ctiam
903 2493 1033 2554 moriens
1048 2491 1118 2552 filiae

116 2591 202 2651 suae,
228 2582 257 2633 ut
272 2574 335 2651 ipsa
349 2573 424 2635 solet
438 2575 624 2655 praedicare,
642 2574 758 2636 ‘multos
771 2574 885 2654 quidem
900 2577 1009 2637 amicos
1024 2577 1076 2636 tibi
1090 2581 1120 2633 ut

115 2657 247 2736 longiore
267 2659 324 2717 vita
340 2660 452 2736 paravi,
476 2661 649 2737 praecipuos
670 2669 764 2720 tamen
782 2657 945 2719 Secundum
967 2669 997 2720 et
1012 2658 1119 2721 comu-

74 2752 108 2805 10
115 2747 196 2803 tum!
216 2741 300 2814 Quod
316 2759 380 2801 cum
393 2743 548 2821 recordor,
568 2742 708 2821 intellego
729 2743 797 2803 mihi
817 2742 1002 2804 laborandum
1016 2763 1054 2804 aa
1069 2746 1154 2822 quatu

116 2835 197 2903 parte
218 2826 316 2885 videar
334 2826 407 2886 hanc
428 2827 464 2886 dc
483 2843 529 2885 me
548 2827 677 2888 llduciam
699 2818 944 2907 providentissimi
964 2829 1020 2887 viri
1035 2827 1119 2888 desti·

74 2920 107 2973 11
116 2911 216 2970 tuisse.
239 2907 332 2982 Quare
345 2928 401 2988 ego
417 2927 487 2970 vero
509 2907 654 2972 Corelliae
672 2911 759 2971 adero
773 2912 988 2990 promptissime
1005 2929 1062 2973 nec
1076 2929 1120 2972 su·

117 2993 178 3053 hire
201 2992 324 3054 offensas
342 2994 501 3055 recusabo:
525 3012 692 3074 quamquam
704 3013 762 3056 non
776 2994 870 3056 solum
883 2997 998 3056 veniam
1011 3013 1058 3057 mc
1073 3013 1120 3054 vc·

115 3093 177 3135 rum
200 3079 285 3137 etiam
299 3076 411 3137 laudem
424 3077 499 3156 apud
516 3078 601 3138 istum
620 3081 714 3158 ipsum
731 3098 748 3139 a
768 3096 845 3159 quo,
862 3087 894 3140 ut
910 3080 972 3158 ais,
994 3098 1070 3141 nova
1085 3078 1120 3139 lis

115 3160 240 3222 fortasse
254 3169 286 3220 ut
301 3160 423 3221 laminae
437 3161 592 3222 intenditur
605 3163 726 3224 arbitror
747 3171 995 3242 consecuturum‚·
1008 3166 1034 3227 si
1052 3164 1156 3224 hacctt

116 3244 217 3305 eadem
233 3246 263 3305 in
277 3245 407 3324 actione,
427 3244 513 3306 latius
529 3246 641 3308 scilicet
657 3256 686 3307 et
701 3248 819 3309 uberius
833 3264 917 3326 quam
933 3247 1121 3327 epistularum

116 3329 263 3404 angustiae
279 3328 390 3406 sinunt,
404 3327 453 3389 vel
465 3331 493 3389 in
508 3333 722 3393 excusationem
735 3330 783 3392 vcl
799 3333 884 3393 etiam
899 3332 1121 3397 commendatio·

115 3426 181 3470 nem
197 3427 287 3471 meam
302 3411 411 3473 dixero.
443 3412 524 3474 Vale.
