2400 3840
100 119 122 179 8
526 111 560 174 G.
579 112 676 174 1³1le

100 285 159 330 uon
182 274 333 346 sequatur,
357 265 465 325 idcirco
483 265 560 343 quod
583 264 704 342 gloriam
724 266 827 326 meruit
845 267 938 328 minus
959 266 1100 346 pulchrum

58 367 93 417 15
102 361 158 413 est.
178 350 286 413 livero
302 350 351 429 qui
367 348 517 409 benefacta
537 365 588 410 sua
604 349 702 409 verbis
718 348 856 409 adornant
870 367 928 410 non
943 351 1010 412 ideo
1025 370 1100 431 prae·

103 435 199 496 dicare
219 435 284 513 quia
304 434 444 510 fecerint,
469 432 522 494 sed
542 442 573 492 ut
594 431 792 510 praedicarent
814 433 924 494 iecisse
942 435 1100 495 creduntur.

102 521 163 596 Sic,
177 517 255 597 quod
267 517 447 596 magnificum
462 516 607 577 referente
619 515 677 577 alio
694 516 809 594 luisset,
828 518 893 595 ipso
910 519 959 596 qui
975 528 1101 596 gesserat

101 611 273 664 recensente
295 602 431 662 vanescit.
459 598 597 661 Homines
612 602 702 678 enim,
724 618 788 660 cnm
808 617 869 660 rem
883 600 1036 663 destruere
1049 611 1120 662 nont

104 695 243 765 possunt,
261 685 442 747 iactationem
457 686 519 745 eins
538 685 695 745 incessunt.
726 683 784 762 lta,
807 685 832 744 si
855 683 968 746 silenda
988 685 1100 763 leceris,

60 784 95 837 16
103 771 208 831 iactum
222 771 327 850 ipsum,
343 771 368 831 si
383 767 518 829 laudanda
531 785 588 828 uon
602 768 702 845 sileas,
720 769 785 845 ipse
801 766 937 846 culparis.
972 768 1020 829 llo
1036 786 1101 829 vero

104 854 257 934 peculiaris
277 853 415 933 quaedam
429 851 538 930 inpedit
553 853 636 912 ratio.
668 850 781 911 Etenim
799 850 874 910 lrnnc
887 852 984 930 ipsum
999 869 1100 913 sermo

102 957 168 1001 uem
182 955 239 998 non
262 938 338 1015 apud
356 935 494 1014 populum
515 934 568 996 sed
585 935 661 1013 apud
686 934 858 996 decuriones
878 934 980 1014 habui,
1003 937 1100 995 necin

63 1033 95 1087 17
103 1021 256 1102 propatulo
276 1020 329 1081 sed
352 1021 380 1080 in
402 1020 488 1078 curia.
518 1017 629 1079 Vereor
641 1036 712 1097 ergo
733 1028 765 1079 ut
782 1021 819 1080 sit
839 1020 910 1080 satis
930 1035 1098 1097 congruens,
1107 1030 1130 1082 lt

104 1123 169 1166 cum
184 1106 215 1165 in
236 1102 357 1164 dicendo
380 1102 602 1163 adsentationem
617 1102 696 1181 uulgi
713 1102 1005 1182 adclamationemque
1026 1101 1099 1163 deiu-

104 1191 205 1268 gerim,
222 1204 297 1247 nunc
308 1187 408 1249 eadem
418 1185 466 1246 illa
481 1185 607 1246 editione
623 1188 738 1264 sectari,
754 1202 876 1265 cumque
889 1185 1007 1264 plebem
1017 1189 1100 1265 ipsum

104 1275 151 1334 cui
168 1270 371 1333 consulebatur
386 1270 483 1330 limine
498 1271 593 1329 curiae
609 1271 824 1348 parietibusque
839 1270 1043 1347 discreverim,
1067 1287 1099 1329 ne

104 1375 188 1437 quam
198 1359 226 1418 in
238 1358 368 1434 speciem
377 1355 539 1416 ambitionis
551 1353 716 1432 inciderem,
732 1372 806 1413 nnnc
819 1370 871 1414 eos
888 1355 974 1414 etiam
986 1353 1021 1413 ad
1033 1370 1099 1432 quos

104 1461 141 1502 ex
154 1459 272 1501 munere
287 1450 387 1502 nostro
401 1438 472 1500 nihil
487 1440 611 1517 pertinet
624 1447 739 1517 praeter
751 1437 912 1516 exemplum
926 1436 1009 1497 velut
1023 1436 1129 1505 obria15

63 1534 95 1588 18
103 1527 294 1588 ostentatione
312 1525 494 1602 conquirere.
515 1520 610 1582 Habes
627 1523 814 1583 cunctationis
829 1538 910 1581 meae
922 1538 1040 1590 causus;
1054 1520 1098 1580 ob·

104 1627 210 1687 sequar
230 1617 324 1668 tamen
344 1606 467 1668 consilio
483 1614 544 1683 tuo,
561 1607 642 1667 cuius
659 1606 726 1665 mihi
747 1607 902 1666 auctoritas
923 1621 977 1683 pro
995 1606 1099 1664 ratione

104 1692 238 1753 sufficiet.
270 1691 352 1751 Vale.

562 1822 654 1885 vmr.
1106 1862 1132 1916 „

296 1923 323 1979 0.
341 1923 466 1975 PLINIUS
482 1920 615 1975 MINUTIO
633 1919 784 1972 runcano
804 1918 864 1972 SUO
884 1921 911 1975 S.

82 2043 96 2094 1
164 2023 266 2087 blitum
282 2036 326 2088 est
343 2043 426 2102 quam
441 2025 561 2103 singulis
583 2022 684 2084 diebus
701 2023 728 2080 in
748 2021 817 2082 mbo
837 2024 908 2082 ratio
930 2031 979 2083 aut
994 2029 1101 2083 constet

80 2119 151 2177 aaut
167 2121 298 2172 constare
313 2109 460 2186 videatur,
482 2109 612 2186 pluribus
629 2114 787 2184 cunctaque
807 2122 863 2165 non
878 2115 1004 2167 constet.
1035 2105 1101 2166 Nnc

103 2195 129 2254 si
145 2212 230 2273 quem
252 2196 415 2270 interroges
430 2191 534 2252 ‘bodie
550 2192 617 2270 quid
633 2186 770 2267 egistii',
792 2190 968 2267 respondeat
990 2189 1100 2251 ‘cilicio

103 2284 190 2354 togae
205 2275 295 2336 uirilis
317 2275 449 2351 interlui,
470 2274 613 2352 sponsalia
634 2283 682 2334 aut
703 2275 816 2351 nuptias
833 2272 1034 2352 frequentavi,
1055 2271 1134 2338 ileu

104 2377 151 2419 me
167 2360 203 2419 ad
222 2359 389 2436 signandum
405 2368 618 2436 testamentum,
644 2357 694 2418 ille
710 2359 739 2417 in
756 2356 990 2436 advocationem,
1012 2357 1062 2417 ille
1076 2358 1102 2415 in

80 2441 259 2511 sconsilium
273 2444 407 2519 rogavit?
429 2441 507 2503 llaec
528 2442 650 2522 quodie
671 2441 777 2505 feceris
798 2443 976 2519 necessaria,
995 2440 1102 2517 eaden,

105 2529 131 2588 si
147 2527 252 2588 cotidie
262 2526 370 2587 fecisse
385 2535 414 2586 te
428 2537 557 2605 reputes,
575 2527 667 2586 inania
677 2525 818 2600 uidentur,
835 2524 1029 2603 multomagis
1043 2540 1104 2584 cnm

103 2612 276 2673 secesseris.
299 2608 377 2669 Tunc
393 2613 467 2670 enim
481 2611 557 2672 subit
569 2609 730 2671 recordatio
747 2614 830 2686 ‘quot
845 2609 908 2670 dies
925 2626 1011 2686 quam
1027 2608 1103 2685 irigi·

79 2695 149 2763 udis
165 2696 253 2757 rebus
269 2693 447 2772 absumpsil’
466 2694 551 2767 Quod
565 2693 663 2754 evenit
676 2692 761 2770 mibi,
776 2701 926 2770 postquam
942 2695 972 2753 in
983 2691 1136 2752 Lauren-tt

103 2781 163 2840 tino
177 2796 242 2842 meo
259 2789 308 2839 aut
330 2778 398 2856 lego
418 2778 525 2857 aliquid
544 2787 591 2838 aut
611 2776 708 2838 scribo
725 2778 872 2837 autetiam
890 2778 1008 2854 corpori
1022 2791 1103 2851 vaco,

79 2865 188 2929 scuius
211 2863 324 2925 fulturis
344 2864 452 2924 animus
475 2865 640 2925 sustinetur.
671 2859 749 2920 Nihil
770 2860 855 2921 audio
876 2860 954 2939 quod
978 2859 1103 2935 audisse,

103 2946 174 3007 nibil
193 2946 258 3007 dico
276 2946 353 3025 quod
373 2947 480 3008 dixisse
497 2947 655 3024 paeniteat:
676 2961 760 3004 nemo
781 2943 856 3022 apud
875 2961 922 3004 me
937 2958 1104 3022 quemquam

104 3031 229 3092 sinistris
249 3031 430 3103 sermonibus
447 3031 556 3108 carpit,
577 3030 718 3088 neminem
739 3029 805 3107 ipse
827 3027 1029 3106 reprebendo,
1050 3024 1103 3085 nisi

104 3123 197 3175 tamen
207 3131 265 3192 me,
279 3132 342 3174 cum
355 3132 452 3194 parum
465 3111 614 3174 commode
624 3112 720 3173 scribo
728 3134 736 3182 ;
752 3111 829 3173 nulla
838 3129 903 3189 spe,
913 3111 994 3172 nullo
1003 3113 1137 3171 timorati

103 3198 257 3276 sollicitor,
274 3198 360 3261 nullis
373 3197 536 3258 rumoribus
552 3197 712 3274 inquietor:
735 3213 846 3256 mecum
866 3204 972 3256 tantum
990 3203 1022 3255 et
1042 3208 1104 3252 cum

78 3281 212 3346 nlibellis
228 3282 342 3362 loquor.
382 3281 407 3342 Ο
421 3289 529 3341 rectam
544 3279 742 3358 sinceramque
757 3282 861 3357 vitam,
883 3296 901 3338 o
916 3276 1002 3339 dulce
1017 3277 1104 3339 otim

101 3365 312 3446 honestumque
324 3383 358 3426 ac
372 3381 466 3442 paene
480 3363 555 3422 omui
567 3365 685 3440 negotio
700 3362 862 3442 pulchrius!
887 3362 912 3423 0
926 3380 1022 3440 mare,
1038 3358 1104 3420 oli·
