2400 3840
366 188 629 252 EPISTULARUM
651 190 716 252 llll.
737 202 764 256 8·
778 203 805 258 9.
1049 194 1088 260 tl

78 346 150 426 ipsis
165 360 268 421 magna
282 351 373 421 amnt,
393 344 517 411 dicerem
532 342 568 403 de
585 345 794 423 conspiratione
810 345 983 425 delatorum,
1004 362 1112 425 quam5

78 433 107 491 iu
125 436 249 508 quaestu
269 426 428 503 habebant,
455 427 582 487 dicerem
607 445 708 489 causas
729 430 834 505 quibus
854 430 1087 491 factiosissimum

80 529 242 594 quemque,
264 519 294 570 ut
311 509 389 569 illum
410 513 503 590 ipsum
518 510 729 591 Theophanen,
751 513 929 574 offendisset.
960 513 1090 576 Eundem

78 615 126 658 me
146 595 279 656 voluerat
301 611 457 655 occurrere
479 597 586 654 crimini
608 613 665 674 quo
694 597 814 657 maxime
839 598 1031 676 premebatur.
1057 598 1090 660 lu

56 681 144 748 saliis
164 681 242 741 enim
257 680 384 758 quamvis
400 678 496 739 auditu
510 681 688 757 gravioribus
709 697 766 739 non
779 680 989 742 absolutionem
1003 682 1089 744 modo

81 781 184 826 verum
198 764 283 824 etiam
296 760 407 823 laudem
421 763 600 841 merebatur,
623 764 679 825 boc
696 763 775 823 illum
791 765 926 825 onerabat
942 767 1020 843 quod
1035 767 1112 831 hoo

79 867 126 910 nro
144 846 269 928 simplex
288 855 319 906 et
342 849 472 908 incautus
489 848 627 925 quaedam
646 867 662 908 a
683 847 907 926 provincialibus
928 858 959 908 ut
979 851 1086 911 amicus

79 940 246 1012 acceperat.
267 929 339 990 Nam
352 930 444 991 iuerat
458 932 488 990 in
500 931 600 991 eadem
616 933 764 1010 provincia
779 943 925 1011 quaestor.
948 932 1027 993 Haec
1042 951 1088 993 ac·

81 1025 232 1077 cusatores
251 1014 325 1074 iurta
347 1024 376 1075 et
390 1016 515 1094 rapinas,
531 1016 596 1093 ipse
610 1033 725 1076 munera
739 1017 876 1076 vocabat:
901 1015 954 1077 sed
969 1015 1018 1077 lex
1030 1034 1090 1075 mu·

43 1118 73 1170 ιο
80 1118 151 1163 nera
163 1115 280 1178 quoque
296 1099 389 1178 accipi
403 1107 491 1159 vetat.
512 1098 566 1159 llic
581 1117 637 1177 ego
653 1100 721 1178 quid
738 1119 864 1179 agerem,
880 1100 957 1179 quod
971 1102 1026 1161 iter
1040 1100 1115 1165 de·7

81 1185 223 1245 laurionis
237 1179 425 1260 ingrederer?
439 1180 603 1260 Negarem?
616 1185 740 1244 uerebar
752 1203 789 1244 uc
800 1184 884 1263 plane
895 1185 999 1244 furtum
1010 1184 1089 1245 vide·

80 1276 162 1329 retur
183 1265 261 1344 quod
283 1268 411 1327 confiteri
430 1265 568 1330 timerem.
597 1266 750 1328 Praeterea
763 1286 823 1328 rem
837 1269 1014 1329 manifestam
1029 1268 1089 1328 inli-

81 1353 146 1412 tiari
161 1352 293 1430 augentis
308 1359 368 1410 crat
384 1352 501 1428 crimen,
517 1368 575 1410 non
592 1349 737 1426 diluentis,
755 1353 924 1429 praesertim
944 1369 1007 1410 cum
1022 1370 1089 1413 reus

81 1437 149 1516 ipse
164 1433 234 1494 nihil
255 1436 396 1512 integrum
418 1435 563 1494 advocatis
580 1432 755 1512 reliquisset.
789 1433 886 1495 blultis
909 1436 983 1494 euim
1003 1444 1089 1512 atque

43 1533 73 1585 15
83 1520 170 1580 etiam
192 1520 316 1599 principi
337 1517 446 1578 dixerat
465 1517 528 1578 sola
547 1536 580 1578 se
601 1517 767 1578 munuscula
782 1517 922 1579 dumtaxat
936 1516 1020 1577 natali
1036 1534 1089 1578 suo

81 1612 131 1663 aut
145 1601 340 1663 Saturnalibus
355 1603 508 1680 accepisse
525 1611 556 1662 et
572 1601 719 1681 plerisque
734 1602 860 1662 misisse.
880 1601 1000 1662 Veniam
1015 1610 1113 1678 erg08

83 1683 236 1767 peterem?
257 1685 431 1763 Iugulassem
451 1703 547 1765 reum,
570 1702 654 1764 quem
671 1688 708 1745 ita
724 1684 881 1766 deliquisse
899 1684 1089 1746 concederem
1188 1687 1192 1697 '

82 1781 114 1832 ut
131 1771 241 1832 servari
257 1771 310 1831 uisi
323 1771 407 1830 venia
423 1787 480 1830 non
495 1780 605 1849 posset.
638 1769 790 1848 Tamquam
805 1780 887 1831 recte
901 1770 1007 1830 iactum
1027 1778 1088 1829 tue·

81 1851 151 1916 rer?
165 1871 223 1914 nou
237 1852 279 1913 illi
295 1853 481 1932 profuissem,
498 1855 549 1916 sed
564 1856 628 1932 ipse
644 1855 784 1932 inpudens
797 1856 964 1915 extitissem.
990 1853 1022 1912 In
1034 1853 1114 1919 bac9

44 1936 250 2000 todiillcultato
272 1937 379 2018 placuit
395 1937 517 1997 medium
538 1938 668 2016 quiddam
687 1947 803 1998 tenere:
829 1938 931 1998 videor
950 1939 1088 1997 tenuisse.

81 2023 236 2084 Actionem
251 2039 357 2099 meam,
374 2031 404 2082 ut
417 2021 527 2101 proelia
543 2020 634 2098 solet,
656 2038 714 2080 uox
729 2022 848 2082 diremit.
873 2020 996 2097 Egeram
1012 2019 1090 2079 boris

81 2105 179 2168 tribus·
190 2114 220 2166 et
233 2105 361 2185 dimidia,
384 2115 533 2185 supererat
550 2104 729 2182 sesquibora.
761 2103 832 2163 Nam
849 2121 913 2164 cum
928 2123 944 2163 e
960 2104 1028 2180 lege
1043 2121 1091 2161 ac·

84 2199 264 2251 cusatorsex
278 2189 380 2266 horas,
401 2206 505 2249 nouem
526 2207 594 2249 reus
614 2189 795 2267 accepisset,
816 2189 855 2247 ita
870 2186 1007 2246 diviserat
1020 2195 1091 2245 tem·

83 2292 155 2354 pora
169 2292 237 2334 reus
255 2275 389 2333 interme
406 2282 436 2333 et
451 2291 515 2332 eum
531 2274 579 2352 qui
595 2274 721 2333 dictums
733 2281 799 2351 post
811 2280 883 2349 erat,
898 2279 929 2330 ut
941 2287 998 2348 ego
1011 2270 1092 2348 quin·

44 2367 142 2437 eoque
157 2357 249 2435 horis,
265 2357 314 2418 ille
328 2357 447 2437 reliquis
462 2367 598 2418 uteretur.
621 2355 689 2416 Mihi
700 2374 855 2418 successus
869 2351 989 2415 actionis
1005 2355 1090 2415 silen·
1100 2361 1132 2415 ld

83 2444 154 2501 tium
171 2442 311 2520 finemque
336 2442 482 2502 suadebat.
514 2440 767 2517 Temerariumcst
787 2443 861 2502 enim
881 2439 1014 2501 secundis
1034 2455 1092 2497 uon

84 2544 154 2587 esse
170 2535 344 2586 contentum.
369 2524 415 2585 Ad
429 2525 485 2585 hoc
503 2524 625 2586 verebar
638 2544 674 2585 ne
688 2543 734 2586 me
752 2527 881 2604 corporis
896 2525 973 2584 vires
989 2524 1092 2583 iterato

83 2609 186 2670 labore
212 2608 398 2688 desererent,
427 2627 511 2687 quem
531 2609 676 2670 difficilius
703 2619 748 2669 est
772 2618 908 2688 repetere
928 2624 1011 2686 quam
1031 2608 1092 2666 iun·

84 2711 167 2770 gere.
201 2690 270 2752 Erat
292 2695 375 2753 etiam
389 2692 547 2772 periculum
564 2712 600 2753 ue
614 2693 725 2772 reliqua
739 2696 813 2753 actio
830 2710 893 2752 mea
908 2701 937 2751 et
952 2691 1042 2767 frigus
1060 2697 1133 2751 utll

44 2785 77 2841 30
85 2777 220 2856 deposita
231 2786 261 2837 et
270 2778 393 2838 taedium
403 2787 434 2838 ut
443 2786 587 2856 resumpta
599 2786 754 2855 pateretur.
768 2776 805 2836 Ut
818 2778 892 2836 enim
904 2774 982 2834 laces
998 2775 1094 2849 ignem

83 2859 202 2922 adsidua
218 2862 408 2922 concussione
426 2861 604 2935 custodiunt,
620 2861 763 2920 dimissum
777 2859 935 2936 aegerrime
950 2865 1092 2936 reparant,

84 2947 174 3006 sicet
189 2944 312 3007 dicentis
329 2945 407 3006 calor
424 2955 454 3006 et
474 2944 612 3005 audientis
633 2944 753 3004 intentio
771 2942 982 3002 continuatione
998 2939 1093 3001 serva·

84 3037 139 3104 tur,
155 3030 370 3108 intercapedine
384 3038 414 3090 et
427 3031 508 3107 quasi
525 3029 696 3088 remissione
714 3026 882 3104 languescit.
914 3023 972 3084 Sed
986 3023 1092 3085 bassus
1102 3032 1136 3085 li

85 3112 183 3175 multis
205 3113 360 3192 precibus,
381 3131 474 3193 paene
494 3114 578 3173 etiam
598 3111 722 3172 lacrimis
751 3109 923 3170 obsecrabat
943 3109 1093 3187 implerem

45 3205 182 3260 &meum
195 3205 319 3276 tempus.
353 3196 434 3258 Parui
448 3196 654 3273 utilitatemque
676 3198 737 3256 eius
754 3193 875 3272 praetuli
890 3211 979 3253 meae.
1013 3192 1092 3252 Bene

87 3283 195 3343 cessit:
222 3283 319 3340 iuveni
343 3282 381 3341 ita
402 3289 517 3342 erectos
539 3281 647 3340 animos
673 3287 804 3355 senatus,
834 3280 872 3339 ita
898 3286 1035 3338 recentes
1062 3283 1093 3334 ut

85 3366 184 3445 priore
204 3364 320 3425 actione
339 3365 447 3425 incitati
463 3366 552 3442 magis
568 3382 651 3442 quam
665 3364 756 3424 satiati
770 3362 943 3422 viderentur.
969 3361 1137 3419 Succos-13

86 3450 123 3509 sit
136 3448 207 3509 mihi
221 3447 365 3509 Lucceius
381 3448 520 3526 Albinus,
540 3457 597 3509 tam
616 3457 683 3526 apte
704 3456 735 3506 ut
754 3448 897 3507 orationes
916 3453 1030 3504 nostrae
1045 3459 1093 3502 va·

1115 3576 1154 3620 Δ
