2400 3840
360 191 624 254 EPISTULARUM
639 191 705 254 1111.
727 204 771 256 12.
787 203 830 257 13.
1064 190 1104 255 75

91 345 210 409 llereor
224 353 255 405 nt
267 345 393 406 vicissim
407 346 474 425 quid
488 347 517 406 in
534 346 641 426 oppido
655 354 720 424 tuo,
743 346 810 425 quid
824 347 852 405 in
867 346 989 406 finitimis
1004 354 1104 422 agatur
1113 355 1146 411 16

92 430 207 510 (solent
222 431 297 490 enim
310 429 447 509 quaedam
462 430 595 492 notabilia
610 429 754 511 incidere)
775 430 954 510 perscribas:
980 428 1103 509 denique

92 513 232 593 quidquid
251 513 353 592 voles,
376 514 441 574 dum
457 514 543 575 modo
558 532 615 575 non
635 515 726 574 minus
747 513 834 593 longa
855 511 978 593 epistula
998 518 1103 577 nuntia.

90 598 156 677 Ego
172 615 231 741 naq
245 600 363 741 quaginas
384 607 490 659 tantmu
511 598 564 661 sed
580 616 683 659 versus
698 599 782 659 etiam
805 597 990 678 syllabasque
1006 618 1103 662 uume-

69 684 173 748 trabo.
230 700 286 743 ae.

566 815 632 878 xli.

286 915 314 968 o.
334 914 461 967 romnus
481 915 617 966 maruno
635 915 782 967 annnauo
803 915 863 967 suo
881 915 909 971 s,

154 1022 243 1082 Amas
260 1019 411 1100 Egnatium
426 1020 622 1083 llaresllinum
636 1031 722 1102 atque
738 1023 821 1083 etiam
836 1023 903 1082 mihi
919 1041 1008 1101 saepe
1024 1039 1125 1090 eom-1

50 1121 83 1174 ιο
90 1105 225 1167 mendas:
238 1106 344 1167 amabis
360 1108 450 1184 magis
465 1107 744 1186 commendabimus,
759 1108 785 1168 si
797 1110 969 1185 cognoveris
982 1109 1044 1169 eius
1055 1126 1101 1169 re·

92 1210 164 1252 oens
180 1190 294 1251 laetum.
328 1188 399 1250 Cum
414 1192 442 1250 in
457 1193 632 1271 provinciam
647 1202 783 1270 quaestor
794 1194 904 1253 exisset
919 1193 1126 1271 scribamquet

91 1277 141 1355 qui
162 1276 233 1337 sorti
258 1275 400 1352 obtigerat
420 1285 486 1336 ante
507 1274 664 1354 legitimum
689 1276 783 1337 salarii
807 1286 921 1355 tempus
946 1278 1100 1355 amisisset,

91 1359 171 1438 quod
192 1370 347 1439 acceperat
367 1361 481 1421 scribae
503 1360 617 1421 daturus
637 1358 779 1420 intellexit
794 1369 823 1419 et
838 1362 936 1420 statuit
951 1360 1102 1420 subsidere

90 1443 167 1522 apud
182 1462 216 1505 se
230 1460 287 1503 non
302 1453 449 1524 oportere.
468 1442 568 1522 ltaque
582 1461 716 1505 reversus
732 1441 896 1522 Gaesarem,
909 1443 1012 1504 deinde
1028 1441 1125 1507 Cae-3

52 1551 84 1604 15
92 1546 158 1588 sare
185 1537 304 1588 auctore
325 1537 455 1590 senatum
476 1527 619 1589 consuluit
640 1527 707 1606 quid
728 1528 789 1587 lieri
813 1527 849 1588 de
877 1526 979 1588 salario
999 1526 1099 1587 vellet.

92 1611 183 1672 Parva
205 1613 353 1691 quaestio,
383 1612 436 1673 sed
455 1620 549 1673 tamen
573 1614 713 1691 quaestio.
747 1611 876 1672 Heredes
897 1612 1011 1673 scribae
1035 1611 1100 1690 sibi,

91 1696 233 1775 praelecti
247 1699 337 1756 aerari
350 1695 460 1777 populo
473 1696 660 1757 vindicabant.
693 1697 767 1758 beta
782 1714 867 1757 eausa
886 1705 946 1757 est:
967 1695 1034 1776 diqit
1049 1695 1126 1759 he·4

90 1779 192 1842 redum
206 1781 379 1860 advocatus,
401 1772 504 1843 deinde
519 1780 637 1862 populi,
655 1791 776 1861 uterque
790 1780 1005 1859 percommode.
1028 1778 1100 1840 an-

92 1864 175 1926 oilius
193 1865 297 1926 Strabo
312 1867 422 1926 aerario
437 1870 547 1927 tensuit
561 1865 749 1944 inierendum,
766 1865 889 1926 Baebius
903 1864 1001 1926 llaoer
1018 1864 1102 1924 bere·

52 1949 177 2020 nudibus
193 1948 327 2010 dandum:
351 1950 470 2011 obtinuit
487 1950 599 2011 Strabo.
621 1949 662 2009 'l'u
677 1949 760 2009 lauda
774 1948 980 2028 Marcellinum,
997 1958 1027 2009 ut
1044 1957 1126 2026 egon
1143 1994 1157 2020 .

92 2035 188 2095 statim
208 2034 276 2094 lesi.
311 2033 445 2106 Quamvis
468 2037 541 2095 enim
561 2033 671 2095 abunde
694 2033 817 2093 suiiioiat
832 2033 872 2093 illi
888 2033 965 2113 quod
981 2041 1026 2092 est
1042 2042 1101 2092 eta

76 2119 225 2198 'principe
243 2127 272 2178 et
286 2135 302 2177 a
316 2128 417 2180 senatu
432 2120 587 2198 probatus,
603 2117 738 2196 madebit
753 2126 846 2178 tamen
860 2117 1023 2177 testimonio
1039 2125 1099 2175 tuo.

93 2201 200 2263 Oumes
221 2204 295 2262 enim
317 2205 365 2283 qui
387 2202 478 2281 gloria
497 2204 626 2281 iamaque
650 2202 789 2263 dueuntur
810 2203 909 2260 mirum
933 2201 961 2259 in
986 2199 1123 2260 modum6

91 2286 228 2348 adsensio
244 2297 273 2348 et
288 2285 349 2349 laus
365 2307 382 2349 a
396 2289 550 2349 minoribus
567 2289 651 2348 etiam
666 2286 798 2366 proiecta
810 2284 944 2346 delectat.
971 2282 1013 2343 'le
1029 2300 1100 2343 vero

51 2369 277 2438 aellaroellinus
294 2373 332 2432 ita
349 2382 500 2433 reveretur
513 2381 544 2432 ut
557 2371 663 2432 iudicio
677 2380 727 2431 tuo
742 2371 892 2450 plurimum
904 2369 1016 2429 tribuat.
1044 2367 1126 2429 ilo-7

94 2455 171 2516 cedit
186 2455 231 2516 bis
247 2456 341 2534 quod,
366 2459 390 2517 si
412 2458 580 2534 cognoverit
601 2456 706 2515 laetum
726 2474 809 2519 suurn
828 2457 884 2515 isto
902 2472 993 2532 usque
1011 2471 1100 2530 pene·
1144 2497 1149 2503 .

92 2548 206 2618 trasse,
230 2557 355 2602 neeesse
376 2550 421 2601 est
441 2541 531 2602 laudis
552 2558 621 2602 suae
639 2542 732 2619 spatio
748 2549 777 2600 et
792 2558 875 2600 eursu
891 2547 921 2599 et
936 2538 1100 2616 peregrina·

91 2625 172 2684 tione
187 2622 319 2684 laetetur.
347 2623 476 2702 Etenim,
494 2627 596 2686 neseio
613 2641 670 2702 quo
684 2635 787 2703 paeto,
803 2622 850 2684 vel
867 2623 957 2700 magis
971 2621 1100 2680 homines

91 2708 169 2768 iuvat
183 2706 277 2786 gloria
290 2707 347 2769 lata
361 2726 443 2788 quam
456 2727 565 2787 magna.
599 2706 682 2768 Vale.

590 2840 639 2900 ΙΙΙ.

385 2939 412 2992 G.
431 2938 556 2990 PLINIUS
562 2841 690 2988 {AGITO
704 2936 764 2989 sito
780 2936 809 2987 S.

156 3044 273 3105 Salvum
292 3053 322 3105 te
348 3046 377 3104 in
397 3043 497 3104 urbem
520 3045 637 3105 venisse
660 3043 788 3122 gaudem
813 3039 917 3101 venisti
937 3048 1047 3117 autem,
1073 3039 1122 3100 sil

92 3127 208 3208 quando
228 3127 316 3207 alias,
341 3147 415 3189 nuno
437 3130 559 3189 maxime
580 3128 646 3188 mihi
662 3126 851 3189 desideratus.
883 3121 951 3204 Ipse
970 3121 1101 3203 pauculis

53 3212 187 3278 btadbuo
208 3212 310 3274 diebus
324 3215 353 3272 in
372 3212 534 3274 Tusculano
556 3213 770 3289 commorabor,
792 3219 823 3269 nt
839 3207 1008 3288 opuseulum
1024 3205 1102 3285 quod

93 3299 179 3364 estin
191 3295 320 3358 manibus
331 3297 484 3358 absolvam.
505 3296 619 3358 Vereor
633 3298 709 3356 enim
721 3315 770 3373 ne,
785 3296 811 3355 'si
828 3294 900 3355 hano
917 3293 1129 3353 intentionemt

93 3383 192 3442 iamin
206 3381 263 3441 line
278 3380 423 3460 laxavero,
437 3401 526 3461 aegre
541 3398 692 3444 resumam.
723 3378 837 3439 Interim
852 3397 889 3439 ne
904 3376 972 3455 quid
986 3376 1102 3436 festina·

93 3467 164 3527 tioni
178 3483 260 3526 meae
272 3473 383 3546 pereat,
397 3465 476 3546 quod
489 3485 551 3528 sum
562 3482 701 3546 praesens
712 3465 853 3542 petiturus
864 3461 918 3521 hae
930 3461 1009 3539 quasi
1020 3476 1103 3538 prae·

1127 3576 1150 3619 Ι

52 2805 87 2860 30
