2400 3840
356 209 620 274 EPISTULARUM
635 210 699 272 vll.
721 222 825 277 1o.11.
1034 210 1098 277 lae

362 461 390 516 C.
410 459 535 514 PLINIUS
552 363 697 512 M'hCRINO
717 460 777 513 SUO
797 460 823 515 S.

154 577 228 652 Quia
247 581 329 657 ipse,
356 598 421 639 cum
443 582 531 658 prIma
551 581 690 657 cognovi,
717 581 835 658 iungere
862 590 988 641 extrema
1014 581 1095 657 quasi
1102 594 1117 646 1

90 661 189 724 avulsa
203 665 306 741 cupio,
330 673 359 722 te
376 681 489 742 quoque
506 666 637 724 existimo
651 662 728 722 velle
744 663 779 724 de
794 662 907 724 Vareno
922 673 950 724 et
964 662 1094 737 Bithynis

70 746 202 824 treliqua
216 763 407 824 cognoscere.
425 747 499 807 Acta
512 765 596 808 causa
605 747 697 806 hinca
708 745 863 824 Polyaeno,
875 747 940 806 inde
952 764 968 806 a
978 744 1092 824 llagno.

90 827 191 890 Finitis
214 830 374 891 actionibus
392 827 498 891 Caesar
518 835 641 891 ‘neutra'
662 831 760 908 inquid
782 837 859 909 ‘poro
876 829 911 890 de
929 847 1008 889 mora
1024 843 1120 907 que-h
1150 854 1152 858 ·

89 923 183 973 retur:
205 915 260 973 erit
275 912 342 973 mihi
367 931 450 973 curae
466 913 617 993 explorare
629 916 793 992 provinciae
804 913 1000 974 voluntatem!
1021 912 1121 980 bloi-3

90 1005 147 1056 tum
161 999 274 1057 interim
288 995 417 1058 Varenus
431 997 504 1056 tulit.
528 996 642 1058 Etenim
657 1015 739 1075 quarn
753 998 867 1058 dubium
882 1007 927 1058 est
942 1016 977 1056 an
992 999 1093 1058 merito

90 1089 243 1141 accusetur
255 1083 351 1159 quien
369 1082 480 1141 omnino
495 1091 648 1142 accusetur
661 1083 799 1142 incertum
814 1077 881 1143 esti
903 1082 1043 1160 Superest
1057 1099 1094 1141 ne

58 1174 187 1226 lorursus
203 1166 367 1242 provinciae
390 1164 466 1242 quod
481 1165 627 1240 damnasse
650 1165 751 1225 dicitur
765 1164 877 1245 placeat
892 1175 1014 1244 agatque
1027 1183 1093 1243 pae-

89 1249 234 1308 nitentium
251 1249 439 1327 paenitentiae
455 1266 532 1308 suae.
562 1247 644 1308 Vale.

271 1495 298 1548 C.
315 1495 441 1548 PLINIUS
455 1398 789 1548 FABATCHPRCSCCIIRC
806 1494 865 1547 SUO
884 1495 911 1550 S.

54 1639 83 1690 15
148 1613 260 1677 IIiruris
281 1615 358 1693 quod
379 1615 517 1693 hermes,
538 1615 658 1677 libertus
680 1634 779 1694 meus,
799 1614 987 1677 hereditarios
1008 1627 1118 1690 agrosl

90 1717 164 1779 quos
181 1716 238 1776 ego
256 1701 394 1759 iusseram
408 1701 550 1779 proscribi
564 1717 621 1760 non
635 1709 804 1778 exspectata
817 1702 948 1760 auctione
960 1715 1013 1777 pro
1028 1715 1092 1757 meo

89 1785 252 1862 quincunce
268 1801 305 1843 ex
318 1785 508 1861 septingentis
527 1784 641 1844 milibus
658 1782 800 1844 Corelliae
817 1783 964 1845 addixerit.
994 1781 1092 1842 Adicis

89 1867 142 1928 hos
164 1868 316 1944 nongentis
331 1866 443 1927 mllibus
459 1886 548 1947 posse
567 1869 666 1929 venhc
682 1886 716 1929 ac
732 1877 808 1929 tanto
822 1870 912 1945 magis
930 1868 1043 1947 qnaeris
1057 1883 1093 1925 an

90 1950 167 2030 quod
182 1951 277 2028 gessit
289 1958 379 2010 ratum
390 1969 512 2011 servem.
534 1950 599 2029 Ego
614 1968 685 2012 vero
699 1968 800 2012 servo:
819 1953 921 2031 quibus
936 1969 973 2010 ex
988 1950 1119 2024 causis‚2

50 2036 202 2114 acaccipe.
226 2031 318 2112 Cupio
336 2036 410 2094 enirn
425 2044 454 2094 et
469 2036 519 2094 tibi
535 2037 683 2111 probatum
701 2044 730 2095 et
747 2034 938 2095 coheredibus
954 2034 1025 2091 meis
1043 2049 1092 2090 cx·

89 2127 219 2180 casatum
234 2135 301 2179 esse
318 2118 395 2196 quod
413 2135 459 2177 me
482 2116 587 2178 abillis
603 2120 708 2177 maiore
721 2117 818 2178 officio
829 2117 944 2176 iubente
959 2130 1092 2176 secerno.

90 2199 245 2262 Corelliam
262 2219 327 2261 cum
342 2219 450 2262 summa
463 2203 623 2262 reverentia
644 2201 749 2280 diligo,
773 2202 892 2280 primum
915 2209 945 2259 ut
965 2207 1118 2260 sororemt

89 2283 201 2346 Corelli
223 2284 303 2359 uno,
327 2287 407 2346 cuius
421 2285 488 2344 mihi
502 2287 637 2346 memoria
654 2293 836 2346 sacrosancta
856 2293 918 2362 est,
940 2281 1043 2343 deinde
1062 2289 1093 2341 ut

89 2371 170 2429 matri
192 2385 274 2428 meae
293 2368 545 2430 familiarissimam.
576 2370 646 2429 Sunt
668 2368 735 2429 mihi
757 2378 787 2430 et
812 2387 876 2428 cum
895 2370 995 2427 marito
1017 2367 1117 2441 eiust

48 2451 206 2516 tollinicio
226 2450 322 2530 Iusto,
348 2454 456 2530 optimo
469 2455 549 2531 viro,
576 2466 675 2513 vetera
689 2455 762 2522 iura;
787 2453 900 2513 fuerunt
912 2460 941 2512 ct
956 2468 1019 2510 cum
1034 2448 1092 2509 lilio

87 2536 227 2612 maxima,
249 2535 321 2595 adeo
342 2537 457 2614 quidem
477 2546 508 2596 ut
522 2547 656 2616 praetore
671 2555 716 2597 me
731 2537 805 2596 ludis
820 2539 891 2597 meis
907 2534 1092 2614 praesederit.

87 2618 180 2697 llaec,
201 2636 265 2678 cum
280 2621 407 2697 proxime
423 2621 489 2681 istic
505 2621 563 2699 iui,
585 2621 718 2681 indicavit
732 2621 799 2681 mihi
815 2639 922 2700 cupere
938 2638 971 2678 se
987 2616 1114 2695 aliquid5

88 2705 167 2764 circa
192 2701 303 2762 borium
323 2713 450 2765 nostrum
471 2705 632 2781 possidere.
664 2704 729 2782 Ego
749 2705 791 2764 illi
816 2724 853 2765 ex
873 2702 997 2781 praediis
1021 2701 1091 2759 meis

89 2787 167 2867 quod
179 2785 270 2847 vellet
284 2794 313 2847 et
327 2790 423 2866 quanti
436 2788 527 2848 vellet
542 2788 642 2865 obtuli,
660 2791 792 2866 exceptis
807 2787 939 2848 maternis
954 2784 1092 2862 paternis-

48 2882 162 2951 eoque:
188 2868 235 2932 hle
255 2873 330 2930 enim
353 2872 458 2932 cedere
483 2891 519 2931 nc
543 2869 686 2932 Corelliae
710 2871 823 2949 quidem
844 2886 971 2948 possum.
1004 2866 1119 2944 Igituro

89 2972 155 3014 cum
175 2953 342 3017 obvenisset
361 2956 427 3015 mihi
448 2954 592 3014 hereditas
614 2957 642 3014 in
662 2973 716 3033 qua
734 2953 849 3032 praedia
863 2956 928 3029 ista,
943 2952 1046 3028 scripsi
1065 2951 1093 3010 ci

89 3037 203 3097 venalia
219 3038 320 3098 futura.
352 3038 409 3099 llas
424 3038 561 3117 epistulas
577 3036 697 3098 llermes
717 3038 779 3098 tulit
795 3038 978 3114 exigentiquc
993 3045 1023 3095 ut
1038 3044 1093 3096 sta·

90 3125 141 3180 tim
156 3122 317 3200 portionem
337 3140 428 3183 meam
448 3122 502 3183 sibi
517 3121 663 3183 addiceret
679 3123 779 3200 paruit.
803 3120 891 3182 Vides
906 3138 988 3198 quam
1004 3129 1094 3180 ratum

89 3204 197 3266 hebere
212 3203 332 3266 debeam
346 3206 423 3283 quod
437 3205 557 3266 libertus
576 3224 656 3266 meus
674 3207 745 3266 meis
763 3205 890 3265 moribus
905 3200 1017 3282 gessit?
1039 3203 1115 3263 Sui

53 3296 190 3368 topcrest
212 3297 242 3349 ut
260 3289 420 3349 coheredes
440 3307 533 3368 aequo
553 3293 644 3350 animo
659 3288 751 3350 ierant
768 3291 920 3368 separatim
933 3306 978 3347 me
994 3284 1092 3345 vendi·

91 3371 169 3434 disse
186 3372 262 3450 quod
277 3372 345 3431 mihi
360 3371 440 3434 licuit
451 3376 564 3433 omnino
579 3391 635 3433 non
650 3372 786 3433 vendere.
817 3372 880 3433 Nec
900 3386 970 3431 vero
987 3386 1095 3448 cogun-

93 3464 138 3516 tur
154 3456 255 3517 imitari
274 3473 368 3517 meum
390 3456 561 3537 exemplum.
592 3455 656 3516 Non
678 3459 752 3517 enim
772 3455 830 3518 illis
846 3455 945 3519 eadem
961 3471 1023 3513 oum
1039 3451 1121 3514 Co·8
