<?xml version="1.0" encoding="UTF-8"?>
<!DOCTYPE html PUBLIC "-//W3C//DTD XHTML 1.0 Transitional//EN"
    "http://www.w3.org/TR/xhtml1/DTD/xhtml1-transitional.dtd">
<html xmlns="http://www.w3.org/1999/xhtml" xml:lang="en" lang="en">
 <head>
  <title>
</title>
<meta http-equiv="Content-Type" content="text/html;charset=utf-8" />
  <meta name='ocr-system' content='tesseract 3.04.00' />
  <meta name='ocr-capabilities' content='ocr_page ocr_carea ocr_par ocr_line ocrx_word'/>
</head>
<body>
  <div class='ocr_page' id='page_1' title='image "./cplinicaecilise01plingoog_0111.png"; bbox 0 0 2400 3848; ppageno 0'>
   <div class='ocr_carea' id='block_1_1' title="bbox 83 157 706 244">
    <p class='ocr_par' dir='ltr' id='par_1_1' title="bbox 83 157 706 244">
     <span class='ocr_line' id='line_1_1' title="bbox 83 157 706 244; baseline -0.016 -15"><span class='ocrx_word' id='word_1_1' title='bbox 83 160 127 229; x_wconf 78' lang='lat' dir='ltr'><strong>se</strong></span> <span class='ocrx_word' id='word_1_2' title='bbox 516 157 550 222; x_wconf 91' lang='lat' dir='ltr'><strong>c.</strong></span> <span class='ocrx_word' id='word_1_3' title='bbox 571 157 669 221; x_wconf 80' lang='lat' dir='ltr'><strong>rmus</strong></span> <span class='ocrx_word' id='word_1_4' title='bbox 704 240 706 244; x_wconf 13' lang='grc' dir='ltr'><strong><em>ι</em></strong></span> 
     </span>
    </p>
   </div>
   <div class='ocr_carea' id='block_1_2' title="bbox 85 305 1089 478">
    <p class='ocr_par' dir='ltr' id='par_1_2' title="bbox 85 305 1089 478">
     <span class='ocr_line' id='line_1_2' title="bbox 85 305 1089 396; baseline -0.008 -18"><span class='ocrx_word' id='word_1_5' title='bbox 85 313 183 396; x_wconf 80' lang='lat' dir='ltr'><strong>plum?</strong></span> <span class='ocrx_word' id='word_1_6' title='bbox 208 313 319 395; x_wconf 91' lang='lat' dir='ltr'><strong>quaudo</strong></span> <span class='ocrx_word' id='word_1_7' title='bbox 334 328 471 375; x_wconf 87' lang='lat' dir='ltr'><strong>secessus</strong></span> <span class='ocrx_word' id='word_1_8' title='bbox 486 312 613 372; x_wconf 82' lang='lat' dir='ltr'><strong>meinos</strong></span> <span class='ocrx_word' id='word_1_9' title='bbox 628 309 755 372; x_wconf 87' lang='lat' dir='ltr'><strong>desidiae</strong></span> <span class='ocrx_word' id='word_1_10' title='bbox 770 325 879 371; x_wconf 87' lang='lat' dir='ltr'><strong>nomen</strong></span> <span class='ocrx_word' id='word_1_11' title='bbox 894 308 950 373; x_wconf 87' lang='lat' dir='ltr'><strong>sed</strong></span> <span class='ocrx_word' id='word_1_12' title='bbox 964 305 1089 388; x_wconf 74' lang='lat' dir='ltr'><strong>turquil-</strong></span> 
     </span>
     <span class='ocr_line' id='line_1_3' title="bbox 86 393 463 478; baseline 0 -18"><span class='ocrx_word' id='word_1_13' title='bbox 86 401 171 462; x_wconf 89' lang='lat' dir='ltr'><strong>litatis</strong></span> <span class='ocrx_word' id='word_1_14' title='bbox 185 393 349 478; x_wconf 75' lang='lat' dir='ltr'><strong>accipient?</strong></span> <span class='ocrx_word' id='word_1_15' title='bbox 380 395 463 461; x_wconf 81' lang='lat' dir='ltr'><strong>vate.</strong></span> 
     </span>
    </p>
   </div>
   <div class='ocr_carea' id='block_1_3' title="bbox 303 525 1107 704">
    <p class='ocr_par' dir='ltr' id='par_1_3' title="bbox 303 525 1107 704">
     <span class='ocr_line' id='line_1_4' title="bbox 530 525 649 589; baseline -0.025 1"><span class='ocrx_word' id='word_1_16' title='bbox 530 525 649 589; x_wconf 85' lang='lat' dir='ltr'><strong>xxttlt.</strong></span> 
     </span>
     <span class='ocr_line' id='line_1_5' title="bbox 303 623 1107 704; baseline -0.011 -22"><span class='ocrx_word' id='word_1_17' title='bbox 303 630 331 688; x_wconf 87' lang='lat' dir='ltr'><strong>c.</strong></span> <span class='ocrx_word' id='word_1_18' title='bbox 350 628 475 683; x_wconf 78' lang='lat' dir='ltr'><strong>numius</strong></span> <span class='ocrx_word' id='word_1_19' title='bbox 491 629 587 681; x_wconf 80' lang='lat' dir='ltr'><strong>rosso</strong></span> <span class='ocrx_word' id='word_1_20' title='bbox 606 625 748 680; x_wconf 82' lang='lat' dir='ltr'><strong>vsssum</strong></span> <span class='ocrx_word' id='word_1_21' title='bbox 767 623 830 677; x_wconf 88' lang='lat' dir='ltr'><strong>suo</strong></span> <span class='ocrx_word' id='word_1_22' title='bbox 851 625 879 679; x_wconf 82' lang='lat' dir='ltr'><strong>s,</strong></span> <span class='ocrx_word' id='word_1_23' title='bbox 1096 652 1107 704; x_wconf 69' lang='lat'><strong>5</strong></span> 
     </span>
    </p>
   </div>
   <div class='ocr_carea' id='block_1_4' title="bbox 61 723 1121 2297">
    <p class='ocr_par' dir='ltr' id='par_1_4' title="bbox 61 723 1121 2297">
     <span class='ocr_line' id='line_1_6' title="bbox 62 723 1090 809; baseline -0.008 -16"><span class='ocrx_word' id='word_1_24' title='bbox 62 751 77 802; x_wconf 91' lang='lat' dir='ltr'><strong>l</strong></span> <span class='ocrx_word' id='word_1_25' title='bbox 150 730 282 794; x_wconf 83' lang='lat' dir='ltr'><strong>Proxime</strong></span> <span class='ocrx_word' id='word_1_26' title='bbox 302 747 366 791; x_wconf 89' lang='lat' dir='ltr'><strong>cum</strong></span> <span class='ocrx_word' id='word_1_27' title='bbox 388 729 464 809; x_wconf 90' lang='lat' dir='ltr'><strong>apud</strong></span> <span class='ocrx_word' id='word_1_28' title='bbox 484 729 677 790; x_wconf 84' lang='lat' dir='ltr'><strong>centumviros</strong></span> <span class='ocrx_word' id='word_1_29' title='bbox 695 728 725 787; x_wconf 87' lang='lat' dir='ltr'><strong>in</strong></span> <span class='ocrx_word' id='word_1_30' title='bbox 741 725 923 806; x_wconf 70' lang='lat' dir='ltr'>quadruplici</span> <span class='ocrx_word' id='word_1_31' title='bbox 936 725 1043 790; x_wconf 88' lang='lat' dir='ltr'><strong>iudicio</strong></span> <span class='ocrx_word' id='word_1_32' title='bbox 1056 723 1090 785; x_wconf 93' lang='lat' dir='ltr'><strong>di·</strong></span> 
     </span>
     <span class='ocr_line' id='line_1_7' title="bbox 86 808 1090 893; baseline -0.007 -15"><span class='ocrx_word' id='word_1_33' title='bbox 86 817 211 893; x_wconf 87' lang='lat' dir='ltr'><strong>xissem,</strong></span> <span class='ocrx_word' id='word_1_34' title='bbox 230 814 315 877; x_wconf 90' lang='lat' dir='ltr'><strong>subiit</strong></span> <span class='ocrx_word' id='word_1_35' title='bbox 329 812 490 875; x_wconf 75' lang='lat' dir='ltr'><strong>recordatio</strong></span> <span class='ocrx_word' id='word_1_36' title='bbox 502 814 600 890; x_wconf 78' lang='lat' dir='ltr'><strong>egisse</strong></span> <span class='ocrx_word' id='word_1_37' title='bbox 614 830 660 875; x_wconf 87' lang='lat' dir='ltr'><strong>roe</strong></span> <span class='ocrx_word' id='word_1_38' title='bbox 674 813 807 872; x_wconf 86' lang='lat' dir='ltr'><strong>iuvenem</strong></span> <span class='ocrx_word' id='word_1_39' title='bbox 821 827 918 889; x_wconf 89' lang='lat' dir='ltr'><strong>aeque</strong></span> <span class='ocrx_word' id='word_1_40' title='bbox 932 812 963 873; x_wconf 80' lang='lat' dir='ltr'><strong>is</strong></span> <span class='ocrx_word' id='word_1_41' title='bbox 979 808 1090 889; x_wconf 85' lang='lat' dir='ltr'><strong>quadru-</strong></span> 
     </span>
     <span class='ocr_line' id='line_1_8' title="bbox 62 895 1089 981; baseline -0.009 -19"><span class='ocrx_word' id='word_1_42' title='bbox 62 900 165 981; x_wconf 76' lang='lat' dir='ltr'><strong>splici.</strong></span> <span class='ocrx_word' id='word_1_43' title='bbox 188 899 334 960; x_wconf 85' lang='lat' dir='ltr'><strong>Processit</strong></span> <span class='ocrx_word' id='word_1_44' title='bbox 346 899 464 973; x_wconf 88' lang='lat' dir='ltr'><strong>animus,</strong></span> <span class='ocrx_word' id='word_1_45' title='bbox 479 905 510 956; x_wconf 90' lang='lat' dir='ltr'><strong>ut</strong></span> <span class='ocrx_word' id='word_1_46' title='bbox 521 895 609 974; x_wconf 86' lang='lat' dir='ltr'><strong>solet,</strong></span> <span class='ocrx_word' id='word_1_47' title='bbox 625 895 754 973; x_wconf 79' lang='lat' dir='ltr'><strong>longius:</strong></span> <span class='ocrx_word' id='word_1_48' title='bbox 770 895 859 973; x_wconf 87' lang='lat' dir='ltr'><strong>coepi</strong></span> <span class='ocrx_word' id='word_1_49' title='bbox 871 903 1010 974; x_wconf 85' lang='lat' dir='ltr'><strong>reputare</strong></span> <span class='ocrx_word' id='word_1_50' title='bbox 1025 909 1089 973; x_wconf 91' lang='lat' dir='ltr'><strong>quos</strong></span> 
     </span>
     <span class='ocr_line' id='line_1_9' title="bbox 88 976 1089 1059; baseline -0.009 -14"><span class='ocrx_word' id='word_1_51' title='bbox 88 987 117 1045; x_wconf 89' lang='lat' dir='ltr'><strong>iu</strong></span> <span class='ocrx_word' id='word_1_52' title='bbox 130 982 324 1059; x_wconf 86' lang='lat' dir='ltr'><strong>hociudioio‚</strong></span> <span class='ocrx_word' id='word_1_53' title='bbox 349 998 423 1059; x_wconf 91' lang='lat' dir='ltr'><strong>quos</strong></span> <span class='ocrx_word' id='word_1_54' title='bbox 442 982 471 1040; x_wconf 93' lang='lat' dir='ltr'><strong>in</strong></span> <span class='ocrx_word' id='word_1_55' title='bbox 492 977 543 1040; x_wconf 91' lang='lat' dir='ltr'><strong>illo</strong></span> <span class='ocrx_word' id='word_1_56' title='bbox 565 982 662 1043; x_wconf 88' lang='lat' dir='ltr'><strong>socios</strong></span> <span class='ocrx_word' id='word_1_57' title='bbox 680 978 786 1040; x_wconf 88' lang='lat' dir='ltr'><strong>laboris</strong></span> <span class='ocrx_word' id='word_1_58' title='bbox 801 976 981 1041; x_wconf 75' lang='lat' dir='ltr'><strong>habuissem.</strong></span> <span class='ocrx_word' id='word_1_59' title='bbox 1012 977 1089 1039; x_wconf 88' lang='lat' dir='ltr'><strong>Solus</strong></span> 
     </span>
     <span class='ocr_line' id='line_1_10' title="bbox 89 1060 1118 1143; baseline -0.002 -15"><span class='ocrx_word' id='word_1_60' title='bbox 89 1085 168 1128; x_wconf 83' lang='lat' dir='ltr'><strong>erem</strong></span> <span class='ocrx_word' id='word_1_61' title='bbox 183 1067 231 1143; x_wconf 93' lang='lat' dir='ltr'><strong>qui</strong></span> <span class='ocrx_word' id='word_1_62' title='bbox 245 1068 273 1125; x_wconf 92' lang='lat' dir='ltr'><strong>in</strong></span> <span class='ocrx_word' id='word_1_63' title='bbox 287 1072 410 1143; x_wconf 90' lang='lat' dir='ltr'><strong>utroque</strong></span> <span class='ocrx_word' id='word_1_64' title='bbox 424 1063 576 1126; x_wconf 61' lang='lat' dir='ltr'><strong>&amp;susem</strong></span> <span class='ocrx_word' id='word_1_65' title='bbox 599 1073 690 1126; x_wconf 84' lang='lat' dir='ltr'><strong>tantas</strong></span> <span class='ocrx_word' id='word_1_66' title='bbox 706 1063 913 1123; x_wconf 74' lang='lat' dir='ltr'><strong>conversiones</strong></span> <span class='ocrx_word' id='word_1_67' title='bbox 928 1070 979 1122; x_wconf 89' lang='lat' dir='ltr'><strong>eut</strong></span> <span class='ocrx_word' id='word_1_68' title='bbox 993 1060 1118 1140; x_wconf 64' lang='lat' dir='ltr'><strong>frsqdidt</strong></span> 
     </span>
     <span class='ocr_line' id='line_1_11' title="bbox 61 1132 1091 1224; baseline 0.002 -14"><span class='ocrx_word' id='word_1_69' title='bbox 61 1157 132 1217; x_wconf 75' lang='lat' dir='ltr'><strong>stas</strong></span> <span class='ocrx_word' id='word_1_70' title='bbox 147 1147 324 1209; x_wconf 81' lang='lat' dir='ltr'><strong>mortalitatis</strong></span> <span class='ocrx_word' id='word_1_71' title='bbox 340 1157 388 1209; x_wconf 90' lang='lat' dir='ltr'><strong>aut</strong></span> <span class='ocrx_word' id='word_1_72' title='bbox 401 1147 531 1209; x_wconf 78' lang='lat' dir='ltr'><strong>louunae</strong></span> <span class='ocrx_word' id='word_1_73' title='bbox 544 1147 687 1211; x_wconf 74' lang='lat' dir='ltr'><strong>mobilitas</strong></span> <span class='ocrx_word' id='word_1_74' title='bbox 703 1146 779 1207; x_wconf 89' lang='lat' dir='ltr'><strong>iacit.</strong></span> <span class='ocrx_word' id='word_1_75' title='bbox 800 1144 922 1218; x_wconf 78' lang='lat' dir='ltr'><strong>Quidem</strong></span> <span class='ocrx_word' id='word_1_76' title='bbox 937 1165 976 1210; x_wconf 83' lang='lat' dir='ltr'><strong>ex</strong></span> <span class='ocrx_word' id='word_1_77' title='bbox 990 1145 1035 1212; x_wconf 83' lang='lat' dir='ltr'><strong>his</strong></span> <span class='ocrx_word' id='word_1_78' title='bbox 1050 1132 1091 1224; x_wconf 64' lang='lat' dir='ltr'><strong>qul</strong></span> 
     </span>
     <span class='ocr_line' id='line_1_12' title="bbox 86 1228 1090 1310; baseline 0 -17"><span class='ocrx_word' id='word_1_79' title='bbox 86 1242 155 1293; x_wconf 89' lang='lat' dir='ltr'><strong>tunc</strong></span> <span class='ocrx_word' id='word_1_80' title='bbox 170 1241 289 1310; x_wconf 75' lang='lat' dir='ltr'><strong>egerant</strong></span> <span class='ocrx_word' id='word_1_81' title='bbox 305 1232 510 1309; x_wconf 86' lang='lat' dir='ltr'><strong>decesserunt,</strong></span> <span class='ocrx_word' id='word_1_82' title='bbox 525 1231 640 1295; x_wconf 80' lang='lat' dir='ltr'><strong>exulant</strong></span> <span class='ocrx_word' id='word_1_83' title='bbox 653 1230 717 1308; x_wconf 87' lang='lat' dir='ltr'><strong>alii,</strong></span> <span class='ocrx_word' id='word_1_84' title='bbox 739 1229 805 1291; x_wconf 80' lang='lat' dir='ltr'><strong>lanio</strong></span> <span class='ocrx_word' id='word_1_85' title='bbox 820 1238 901 1293; x_wconf 85' lang='lat' dir='ltr'><strong>aetas</strong></span> <span class='ocrx_word' id='word_1_86' title='bbox 916 1240 946 1291; x_wconf 93' lang='lat' dir='ltr'><strong>et</strong></span> <span class='ocrx_word' id='word_1_87' title='bbox 961 1228 1090 1296; x_wconf 80' lang='lat' dir='ltr'><strong>valetudo</strong></span> 
     </span>
     <span class='ocr_line' id='line_1_13' title="bbox 89 1312 1089 1396; baseline -0.005 -16"><span class='ocrx_word' id='word_1_88' title='bbox 89 1314 232 1380; x_wconf 89' lang='lat' dir='ltr'><strong>silentium</strong></span> <span class='ocrx_word' id='word_1_89' title='bbox 245 1318 346 1394; x_wconf 85' lang='lat' dir='ltr'><strong>suasit,</strong></span> <span class='ocrx_word' id='word_1_90' title='bbox 361 1316 409 1378; x_wconf 87' lang='lat' dir='ltr'><strong>hio</strong></span> <span class='ocrx_word' id='word_1_91' title='bbox 423 1325 527 1396; x_wconf 88' lang='lat' dir='ltr'><strong>sponte</strong></span> <span class='ocrx_word' id='word_1_92' title='bbox 541 1316 707 1378; x_wconf 86' lang='lat' dir='ltr'><strong>beatissimo</strong></span> <span class='ocrx_word' id='word_1_93' title='bbox 721 1315 781 1375; x_wconf 89' lang='lat' dir='ltr'><strong>otio</strong></span> <span class='ocrx_word' id='word_1_94' title='bbox 795 1312 910 1391; x_wconf 70' lang='lat' dir='ltr'><strong>outo,</strong></span> <span class='ocrx_word' id='word_1_95' title='bbox 924 1313 1000 1377; x_wconf 87' lang='lat' dir='ltr'><strong>alius</strong></span> <span class='ocrx_word' id='word_1_96' title='bbox 1015 1331 1089 1380; x_wconf 80' lang='lat' dir='ltr'><strong>exer·</strong></span> 
     </span>
     <span class='ocr_line' id='line_1_14' title="bbox 90 1398 1088 1479; baseline -0.003 -17"><span class='ocrx_word' id='word_1_97' title='bbox 90 1403 176 1462; x_wconf 87' lang='lat' dir='ltr'><strong>eitum</strong></span> <span class='ocrx_word' id='word_1_98' title='bbox 193 1402 284 1479; x_wconf 79' lang='lat' dir='ltr'><strong>regit,</strong></span> <span class='ocrx_word' id='word_1_99' title='bbox 306 1399 385 1462; x_wconf 91' lang='lat' dir='ltr'><strong>illum</strong></span> <span class='ocrx_word' id='word_1_100' title='bbox 401 1399 531 1464; x_wconf 84' lang='lat' dir='ltr'><strong>civilibus</strong></span> <span class='ocrx_word' id='word_1_101' title='bbox 552 1400 655 1463; x_wconf 83' lang='lat' dir='ltr'><strong>oldoiis</strong></span> <span class='ocrx_word' id='word_1_102' title='bbox 676 1399 815 1479; x_wconf 88' lang='lat' dir='ltr'><strong>principis</strong></span> <span class='ocrx_word' id='word_1_103' title='bbox 835 1399 958 1461; x_wconf 83' lang='lat' dir='ltr'><strong>amicitia</strong></span> <span class='ocrx_word' id='word_1_104' title='bbox 981 1398 1088 1459; x_wconf 85' lang='lat' dir='ltr'><strong>exem&#39;t</strong></span> 
     </span>
     <span class='ocr_line' id='line_1_15' title="bbox 65 1480 1118 1565; baseline -0.01 -15"><span class='ocrx_word' id='word_1_105' title='bbox 65 1483 174 1551; x_wconf 75' lang='lat' dir='ltr'><strong>screa</strong></span> <span class='ocrx_word' id='word_1_106' title='bbox 190 1502 244 1547; x_wconf 89' lang='lat' dir='ltr'><strong>nos</strong></span> <span class='ocrx_word' id='word_1_107' title='bbox 258 1487 338 1565; x_wconf 89' lang='lat' dir='ltr'><strong>ipsos</strong></span> <span class='ocrx_word' id='word_1_108' title='bbox 351 1503 434 1564; x_wconf 70' lang='lat' dir='ltr'><strong>mam</strong></span> <span class='ocrx_word' id='word_1_109' title='bbox 447 1483 534 1546; x_wconf 89' lang='lat' dir='ltr'><strong>multa</strong></span> <span class='ocrx_word' id='word_1_110' title='bbox 547 1493 651 1547; x_wconf 87' lang='lat' dir='ltr'><strong>mutata</strong></span> <span class='ocrx_word' id='word_1_111' title='bbox 667 1485 747 1549; x_wconf 82' lang='lat' dir='ltr'><strong>sant!</strong></span> <span class='ocrx_word' id='word_1_112' title='bbox 768 1480 875 1543; x_wconf 91' lang='lat' dir='ltr'><strong>Studiis</strong></span> <span class='ocrx_word' id='word_1_113' title='bbox 889 1483 1118 1561; x_wconf 72' lang='lat' dir='ltr'><strong>processimusle</strong></span> 
     </span>
     <span class='ocr_line' id='line_1_16' title="bbox 64 1565 1091 1647; baseline -0.005 -13"><span class='ocrx_word' id='word_1_114' title='bbox 64 1569 192 1634; x_wconf 82' lang='lat' dir='ltr'><strong>ostudiis</strong></span> <span class='ocrx_word' id='word_1_115' title='bbox 205 1567 357 1647; x_wconf 87' lang='lat' dir='ltr'><strong>periclitati</strong></span> <span class='ocrx_word' id='word_1_116' title='bbox 374 1586 489 1645; x_wconf 85' lang='lat' dir='ltr'><strong>sumus,</strong></span> <span class='ocrx_word' id='word_1_117' title='bbox 513 1586 670 1646; x_wconf 72' lang='lat' dir='ltr'><strong>rursusque</strong></span> <span class='ocrx_word' id='word_1_118' title='bbox 689 1567 895 1646; x_wconf 78' lang='lat' dir='ltr'><strong>processimus.</strong></span> <span class='ocrx_word' id='word_1_119' title='bbox 928 1565 1091 1629; x_wconf 83' lang='lat' dir='ltr'><strong>Proiuemut</strong></span> 
     </span>
     <span class='ocr_line' id='line_1_17' title="bbox 90 1650 1090 1731; baseline 0.003 -20"><span class='ocrx_word' id='word_1_120' title='bbox 90 1652 173 1712; x_wconf 89' lang='lat' dir='ltr'><strong>nobis</strong></span> <span class='ocrx_word' id='word_1_121' title='bbox 190 1651 328 1711; x_wconf 88' lang='lat' dir='ltr'><strong>bonorum</strong></span> <span class='ocrx_word' id='word_1_122' title='bbox 340 1651 497 1728; x_wconf 85' lang='lat' dir='ltr'><strong>amicitiae,</strong></span> <span class='ocrx_word' id='word_1_123' title='bbox 520 1651 659 1712; x_wconf 86' lang='lat' dir='ltr'><strong>bonorum</strong></span> <span class='ocrx_word' id='word_1_124' title='bbox 679 1650 832 1714; x_wconf 77' lang='lat' dir='ltr'><strong>obfuerunt</strong></span> <span class='ocrx_word' id='word_1_125' title='bbox 851 1651 1016 1730; x_wconf 72' lang='lat' dir='ltr'><strong>iterumque</strong></span> <span class='ocrx_word' id='word_1_126' title='bbox 1032 1665 1090 1731; x_wconf 70' lang='lat' dir='ltr'><strong>pte</strong></span> 
     </span>
     <span class='ocr_line' id='line_1_18' title="bbox 93 1732 1090 1814; baseline -0.003 -18"><span class='ocrx_word' id='word_1_127' title='bbox 93 1742 168 1796; x_wconf 85' lang='lat' dir='ltr'><strong>sunt.</strong></span> <span class='ocrx_word' id='word_1_128' title='bbox 188 1732 220 1792; x_wconf 82' lang='lat' dir='ltr'><strong>st</strong></span> <span class='ocrx_word' id='word_1_129' title='bbox 236 1742 376 1813; x_wconf 82' lang='lat' dir='ltr'><strong>conpotes</strong></span> <span class='ocrx_word' id='word_1_130' title='bbox 387 1750 492 1811; x_wconf 82' lang='lat' dir='ltr'><strong>annos,</strong></span> <span class='ocrx_word' id='word_1_131' title='bbox 507 1735 641 1812; x_wconf 78' lang='lat' dir='ltr'><strong>exiguum</strong></span> <span class='ocrx_word' id='word_1_132' title='bbox 655 1745 783 1814; x_wconf 79' lang='lat' dir='ltr'><strong>tenpus,</strong></span> <span class='ocrx_word' id='word_1_133' title='bbox 793 1735 819 1796; x_wconf 91' lang='lat' dir='ltr'><strong>si</strong></span> <span class='ocrx_word' id='word_1_134' title='bbox 832 1735 914 1795; x_wconf 84' lang='lat' dir='ltr'><strong>vices</strong></span> <span class='ocrx_word' id='word_1_135' title='bbox 928 1752 1037 1812; x_wconf 83' lang='lat' dir='ltr'><strong>rerum,</strong></span> <span class='ocrx_word' id='word_1_136' title='bbox 1050 1751 1090 1797; x_wconf 83' lang='lat' dir='ltr'><strong>ae·</strong></span> 
     </span>
     <span class='ocr_line' id='line_1_19' title="bbox 62 1815 1091 1897; baseline 0 -22"><span class='ocrx_word' id='word_1_137' title='bbox 62 1827 155 1882; x_wconf 81' lang='lat' dir='ltr'><strong>ovum</strong></span> <span class='ocrx_word' id='word_1_138' title='bbox 169 1824 262 1895; x_wconf 89' lang='lat' dir='ltr'><strong>putes.</strong></span> <span class='ocrx_word' id='word_1_139' title='bbox 285 1815 370 1888; x_wconf 84' lang='lat' dir='ltr'><strong>Quod</strong></span> <span class='ocrx_word' id='word_1_140' title='bbox 384 1825 481 1896; x_wconf 88' lang='lat' dir='ltr'><strong>potest</strong></span> <span class='ocrx_word' id='word_1_141' title='bbox 497 1836 564 1881; x_wconf 88' lang='lat' dir='ltr'><strong>esse</strong></span> <span class='ocrx_word' id='word_1_142' title='bbox 580 1818 750 1882; x_wconf 88' lang='lat' dir='ltr'><strong>documento</strong></span> <span class='ocrx_word' id='word_1_143' title='bbox 762 1815 831 1881; x_wconf 84' lang='lat' dir='ltr'><strong>nihil</strong></span> <span class='ocrx_word' id='word_1_144' title='bbox 845 1817 1017 1897; x_wconf 82' lang='lat' dir='ltr'><strong>desperare,</strong></span> <span class='ocrx_word' id='word_1_145' title='bbox 1029 1816 1091 1879; x_wconf 89' lang='lat' dir='ltr'><strong>nulli</strong></span> 
     </span>
     <span class='ocr_line' id='line_1_20' title="bbox 89 1899 1121 1978; baseline 0.002 -18"><span class='ocrx_word' id='word_1_146' title='bbox 89 1899 252 1978; x_wconf 82' lang='lat' dir='ltr'><strong>relidere,</strong></span> <span class='ocrx_word' id='word_1_147' title='bbox 274 1919 338 1962; x_wconf 88' lang='lat' dir='ltr'><strong>eum</strong></span> <span class='ocrx_word' id='word_1_148' title='bbox 357 1901 505 1965; x_wconf 83' lang='lat' dir='ltr'><strong>videamus</strong></span> <span class='ocrx_word' id='word_1_149' title='bbox 522 1911 567 1963; x_wconf 88' lang='lat' dir='ltr'><strong>tot</strong></span> <span class='ocrx_word' id='word_1_150' title='bbox 580 1905 733 1965; x_wconf 68' lang='lat' dir='ltr'><strong>vfflctates</strong></span> <span class='ocrx_word' id='word_1_151' title='bbox 748 1911 805 1963; x_wconf 91' lang='lat' dir='ltr'><strong>tam</strong></span> <span class='ocrx_word' id='word_1_152' title='bbox 819 1901 940 1964; x_wconf 86' lang='lat' dir='ltr'><strong>volubili</strong></span> <span class='ocrx_word' id='word_1_153' title='bbox 956 1901 1029 1963; x_wconf 90' lang='lat' dir='ltr'><strong>orbe</strong></span> <span class='ocrx_word' id='word_1_154' title='bbox 1043 1903 1121 1978; x_wconf 75' lang='lat' dir='ltr'><strong>cir-it</strong></span> 
     </span>
     <span class='ocr_line' id='line_1_21' title="bbox 65 1982 1091 2063; baseline -0.001 -15"><span class='ocrx_word' id='word_1_155' title='bbox 65 1992 83 2048; x_wconf 83' lang='grc'><strong>7</strong></span> <span class='ocrx_word' id='word_1_156' title='bbox 91 1985 210 2062; x_wconf 53' lang='lat' dir='ltr'><strong>cumam.</strong></span> <span class='ocrx_word' id='word_1_157' title='bbox 230 1982 298 2047; x_wconf 82' lang='lat' dir='ltr'><strong>illidi</strong></span> <span class='ocrx_word' id='word_1_158' title='bbox 314 1995 406 2048; x_wconf 88' lang='lat' dir='ltr'><strong>autern</strong></span> <span class='ocrx_word' id='word_1_159' title='bbox 421 1985 557 2053; x_wconf 83' lang='lat' dir='ltr'><strong>familiare</strong></span> <span class='ocrx_word' id='word_1_160' title='bbox 577 1997 623 2051; x_wconf 82' lang='lat' dir='ltr'><strong>est</strong></span> <span class='ocrx_word' id='word_1_161' title='bbox 637 2004 736 2048; x_wconf 86' lang='lat' dir='ltr'><strong>omnes</strong></span> <span class='ocrx_word' id='word_1_162' title='bbox 752 1986 943 2063; x_wconf 75' lang='lat' dir='ltr'><strong>cogitationes</strong></span> <span class='ocrx_word' id='word_1_163' title='bbox 958 2003 1038 2048; x_wconf 90' lang='lat' dir='ltr'><strong>meas</strong></span> <span class='ocrx_word' id='word_1_164' title='bbox 1052 1995 1091 2047; x_wconf 87' lang='lat' dir='ltr'><strong>te·</strong></span> 
     </span>
     <span class='ocr_line' id='line_1_22' title="bbox 90 2069 1090 2151; baseline 0.001 -23"><span class='ocrx_word' id='word_1_165' title='bbox 90 2086 154 2129; x_wconf 88' lang='lat' dir='ltr'><strong>oum</strong></span> <span class='ocrx_word' id='word_1_166' title='bbox 177 2072 385 2134; x_wconf 87' lang='lat' dir='ltr'><strong>communicare</strong></span> <span class='ocrx_word' id='word_1_167' title='bbox 410 2071 559 2151; x_wconf 85' lang='lat' dir='ltr'><strong>isdemque</strong></span> <span class='ocrx_word' id='word_1_168' title='bbox 579 2081 609 2135; x_wconf 90' lang='lat' dir='ltr'><strong>te</strong></span> <span class='ocrx_word' id='word_1_169' title='bbox 627 2070 677 2134; x_wconf 87' lang='lat' dir='ltr'><strong>vel</strong></span> <span class='ocrx_word' id='word_1_170' title='bbox 697 2071 862 2151; x_wconf 80' lang='lat' dir='ltr'><strong>praeceptis</strong></span> <span class='ocrx_word' id='word_1_171' title='bbox 884 2069 935 2133; x_wconf 85' lang='lat' dir='ltr'><strong>uel</strong></span> <span class='ocrx_word' id='word_1_172' title='bbox 955 2069 1090 2149; x_wconf 84' lang='lat' dir='ltr'><strong>exemplis</strong></span> 
     </span>
     <span class='ocr_line' id='line_1_23' title="bbox 88 2151 1090 2295; baseline -0.001 -81"><span class='ocrx_word' id='word_1_173' title='bbox 88 2170 208 2294; x_wconf 70' lang='lat' dir='ltr'><strong>pronerpr</strong></span> <span class='ocrx_word' id='word_1_174' title='bbox 225 2157 331 2295; x_wconf 89' lang='lat' dir='ltr'><strong>lquibus</strong></span> <span class='ocrx_word' id='word_1_175' title='bbox 355 2157 419 2235; x_wconf 89' lang='lat' dir='ltr'><strong>ipse</strong></span> <span class='ocrx_word' id='word_1_176' title='bbox 441 2173 625 2224; x_wconf 70' lang='lat' dir='ltr'><strong>memorem</strong></span> <span class='ocrx_word' id='word_1_177' title='bbox 658 2173 730 2234; x_wconf 90' lang='lat' dir='ltr'><strong>quae</strong></span> <span class='ocrx_word' id='word_1_178' title='bbox 752 2155 824 2215; x_wconf 85' lang='lat' dir='ltr'><strong>ratio</strong></span> <span class='ocrx_word' id='word_1_179' title='bbox 846 2153 930 2215; x_wconf 87' lang='lat' dir='ltr'><strong>huius</strong></span> <span class='ocrx_word' id='word_1_180' title='bbox 953 2151 1090 2234; x_wconf 86' lang='lat' dir='ltr'><strong>epistulae</strong></span> 
     </span>
     <span class='ocr_line' id='line_1_24' title="bbox 101 2238 262 2297; baseline 0 -2"><span class='ocrx_word' id='word_1_181' title='bbox 101 2238 151 2295; x_wconf 88' lang='lat' dir='ltr'><strong>uit.</strong></span> <span class='ocrx_word' id='word_1_182' title='bbox 208 2254 262 2297; x_wconf 88' lang='lat' dir='ltr'><strong>ae.</strong></span> 
     </span>
    </p>
   </div>
   <div class='ocr_carea' id='block_1_5' title="bbox 549 2332 1124 2429">
    <p class='ocr_par' dir='ltr' id='par_1_5' title="bbox 549 2332 1124 2429">
     <span class='ocr_line' id='line_1_25' title="bbox 549 2332 1124 2429; baseline -0.005 0"><span class='ocrx_word' id='word_1_183' title='bbox 549 2367 639 2429; x_wconf 86' lang='lat' dir='ltr'><strong>xxv.</strong></span> <span class='ocrx_word' id='word_1_184' title='bbox 1099 2332 1124 2383; x_wconf 69' lang='lat'><strong>²⁵</strong></span> 
     </span>
    </p>
   </div>
   <div class='ocr_carea' id='block_1_6' title="bbox 305 2463 883 2520">
    <p class='ocr_par' dir='ltr' id='par_1_6' title="bbox 305 2463 883 2520">
     <span class='ocr_line' id='line_1_26' title="bbox 305 2463 883 2520; baseline 0.014 -8"><span class='ocrx_word' id='word_1_185' title='bbox 305 2464 333 2516; x_wconf 84' lang='lat' dir='ltr'><strong>G.</strong></span> <span class='ocrx_word' id='word_1_186' title='bbox 353 2463 476 2516; x_wconf 83' lang='lat' dir='ltr'>PLINIUS</span> <span class='ocrx_word' id='word_1_187' title='bbox 495 2465 611 2517; x_wconf 85' lang='lat' dir='ltr'>MESSIO</span> <span class='ocrx_word' id='word_1_188' title='bbox 631 2467 761 2520; x_wconf 76' lang='lat' dir='ltr'>MAXIMO</span> <span class='ocrx_word' id='word_1_189' title='bbox 779 2467 838 2519; x_wconf 88' lang='lat' dir='ltr'><strong>SUO</strong></span> <span class='ocrx_word' id='word_1_190' title='bbox 856 2468 883 2520; x_wconf 89' lang='lat' dir='ltr'><strong>S.</strong></span> 
     </span>
    </p>
   </div>
   <div class='ocr_carea' id='block_1_7' title="bbox 63 2564 1129 3493">
    <p class='ocr_par' dir='ltr' id='par_1_7' title="bbox 63 2564 1127 2901">
     <span class='ocr_line' id='line_1_27' title="bbox 63 2564 1094 2650; baseline 0.005 -23"><span class='ocrx_word' id='word_1_191' title='bbox 63 2575 79 2627; x_wconf 93' lang='lat' dir='ltr'><strong>l</strong></span> <span class='ocrx_word' id='word_1_192' title='bbox 150 2564 328 2643; x_wconf 86' lang='lat' dir='ltr'><strong>Scripseram</strong></span> <span class='ocrx_word' id='word_1_193' title='bbox 341 2565 395 2628; x_wconf 89' lang='lat' dir='ltr'><strong>tibi</strong></span> <span class='ocrx_word' id='word_1_194' title='bbox 408 2566 565 2631; x_wconf 81' lang='lat' dir='ltr'><strong>verendum</strong></span> <span class='ocrx_word' id='word_1_195' title='bbox 582 2587 650 2631; x_wconf 90' lang='lat' dir='ltr'><strong>esse</strong></span> <span class='ocrx_word' id='word_1_196' title='bbox 670 2589 708 2632; x_wconf 90' lang='lat' dir='ltr'><strong>ne</strong></span> <span class='ocrx_word' id='word_1_197' title='bbox 729 2590 767 2632; x_wconf 83' lang='lat' dir='ltr'><strong>er</strong></span> <span class='ocrx_word' id='word_1_198' title='bbox 786 2573 881 2634; x_wconf 89' lang='lat' dir='ltr'><strong>tacitis</strong></span> <span class='ocrx_word' id='word_1_199' title='bbox 897 2573 1041 2650; x_wconf 70' lang='lat' dir='ltr'><strong>suffragiis</strong></span> <span class='ocrx_word' id='word_1_200' title='bbox 1057 2573 1094 2631; x_wconf 82' lang='lat' dir='ltr'><strong>vi-</strong></span> 
     </span>
     <span class='ocr_line' id='line_1_28' title="bbox 88 2647 1094 2736; baseline 0.007 -24"><span class='ocrx_word' id='word_1_201' title='bbox 88 2650 157 2712; x_wconf 87' lang='lat' dir='ltr'><strong>tium</strong></span> <span class='ocrx_word' id='word_1_202' title='bbox 171 2647 287 2728; x_wconf 86' lang='lat' dir='ltr'><strong>aliquod</strong></span> <span class='ocrx_word' id='word_1_203' title='bbox 302 2651 451 2711; x_wconf 82' lang='lat' dir='ltr'><strong>existeret.</strong></span> <span class='ocrx_word' id='word_1_204' title='bbox 474 2650 591 2713; x_wconf 83' lang='lat' dir='ltr'><strong>Factum</strong></span> <span class='ocrx_word' id='word_1_205' title='bbox 606 2661 667 2716; x_wconf 62' lang='lat' dir='ltr'><strong>est„</strong></span> <span class='ocrx_word' id='word_1_206' title='bbox 691 2653 829 2717; x_wconf 85' lang='lat' dir='ltr'><strong>Proximis</strong></span> <span class='ocrx_word' id='word_1_207' title='bbox 852 2658 975 2719; x_wconf 84' lang='lat' dir='ltr'><strong>comitiis</strong></span> <span class='ocrx_word' id='word_1_208' title='bbox 993 2658 1024 2718; x_wconf 84' lang='lat' dir='ltr'><strong>iu</strong></span> <span class='ocrx_word' id='word_1_209' title='bbox 1038 2657 1094 2736; x_wconf 92' lang='lat' dir='ltr'><strong>qui·</strong></span> 
     </span>
     <span class='ocr_line' id='line_1_29' title="bbox 89 2731 1127 2819; baseline 0 -22"><span class='ocrx_word' id='word_1_210' title='bbox 89 2733 207 2797; x_wconf 81' lang='lat' dir='ltr'><strong>busdam</strong></span> <span class='ocrx_word' id='word_1_211' title='bbox 221 2731 338 2799; x_wconf 83' lang='lat' dir='ltr'><strong>todellis</strong></span> <span class='ocrx_word' id='word_1_212' title='bbox 350 2733 437 2797; x_wconf 88' lang='lat' dir='ltr'><strong>multa</strong></span> <span class='ocrx_word' id='word_1_213' title='bbox 450 2735 585 2798; x_wconf 87' lang='lat' dir='ltr'><strong>iocularia</strong></span> <span class='ocrx_word' id='word_1_214' title='bbox 598 2746 685 2817; x_wconf 91' lang='lat' dir='ltr'><strong>atque</strong></span> <span class='ocrx_word' id='word_1_215' title='bbox 699 2740 783 2799; x_wconf 88' lang='lat' dir='ltr'><strong>etiam</strong></span> <span class='ocrx_word' id='word_1_216' title='bbox 798 2739 884 2800; x_wconf 87' lang='lat' dir='ltr'><strong>loeda</strong></span> <span class='ocrx_word' id='word_1_217' title='bbox 898 2739 987 2819; x_wconf 81' lang='lat' dir='ltr'><strong>dictu,</strong></span> <span class='ocrx_word' id='word_1_218' title='bbox 1003 2742 1032 2803; x_wconf 83' lang='lat' dir='ltr'><strong>in</strong></span> <span class='ocrx_word' id='word_1_219' title='bbox 1043 2740 1127 2800; x_wconf 76' lang='lat' dir='ltr'><strong>unalt</strong></span> 
     </span>
     <span class='ocr_line' id='line_1_30' title="bbox 87 2817 1096 2901; baseline 0.011 -26"><span class='ocrx_word' id='word_1_220' title='bbox 87 2834 159 2881; x_wconf 83' lang='lat' dir='ltr'><strong>uero</strong></span> <span class='ocrx_word' id='word_1_221' title='bbox 174 2835 226 2896; x_wconf 90' lang='lat' dir='ltr'><strong>pro</strong></span> <span class='ocrx_word' id='word_1_222' title='bbox 241 2817 451 2882; x_wconf 87' lang='lat' dir='ltr'><strong>candidatorum</strong></span> <span class='ocrx_word' id='word_1_223' title='bbox 462 2822 621 2884; x_wconf 87' lang='lat' dir='ltr'><strong>nominibus</strong></span> <span class='ocrx_word' id='word_1_224' title='bbox 632 2822 849 2901; x_wconf 79' lang='lat' dir='ltr'><strong>suffragatorum</strong></span> <span class='ocrx_word' id='word_1_225' title='bbox 859 2825 973 2887; x_wconf 85' lang='lat' dir='ltr'><strong>nomine</strong></span> <span class='ocrx_word' id='word_1_226' title='bbox 983 2826 1096 2887; x_wconf 84' lang='lat' dir='ltr'><strong>iuventa</strong></span> 
     </span>
    </p>

    <p class='ocr_par' dir='ltr' id='par_1_8' title="bbox 64 2901 1096 3070">
     <span class='ocr_line' id='line_1_31' title="bbox 64 2901 1096 2988; baseline 0.008 -30"><span class='ocrx_word' id='word_1_227' title='bbox 64 2906 162 2959; x_wconf 74' lang='lat' dir='ltr'><strong>dsunt.</strong></span> <span class='ocrx_word' id='word_1_228' title='bbox 194 2901 352 2965; x_wconf 83' lang='lat' dir='ltr'><strong>Excanduit</strong></span> <span class='ocrx_word' id='word_1_229' title='bbox 369 2914 485 2968; x_wconf 86' lang='lat' dir='ltr'><strong>senatus</strong></span> <span class='ocrx_word' id='word_1_230' title='bbox 501 2924 661 2986; x_wconf 76' lang='lat' dir='ltr'><strong>magnoque</strong></span> <span class='ocrx_word' id='word_1_231' title='bbox 677 2906 800 2968; x_wconf 90' lang='lat' dir='ltr'><strong>clamore</strong></span> <span class='ocrx_word' id='word_1_232' title='bbox 816 2909 843 2968; x_wconf 91' lang='lat' dir='ltr'><strong>ei</strong></span> <span class='ocrx_word' id='word_1_233' title='bbox 860 2909 908 2988; x_wconf 90' lang='lat' dir='ltr'><strong>qui</strong></span> <span class='ocrx_word' id='word_1_234' title='bbox 929 2911 1096 2988; x_wconf 88' lang='lat' dir='ltr'><strong>scripsisset</strong></span> 
     </span>
     <span class='ocr_line' id='line_1_32' title="bbox 88 2982 1096 3070; baseline 0.011 -29"><span class='ocrx_word' id='word_1_235' title='bbox 88 2982 189 3043; x_wconf 88' lang='lat' dir='ltr'><strong>iratum</strong></span> <span class='ocrx_word' id='word_1_236' title='bbox 208 2987 368 3067; x_wconf 87' lang='lat' dir='ltr'><strong>prinoipem</strong></span> <span class='ocrx_word' id='word_1_237' title='bbox 387 2998 433 3050; x_wconf 90' lang='lat' dir='ltr'><strong>est</strong></span> <span class='ocrx_word' id='word_1_238' title='bbox 452 3000 661 3070; x_wconf 87' lang='lat' dir='ltr'><strong>comprecatus.</strong></span> <span class='ocrx_word' id='word_1_239' title='bbox 692 2989 746 3052; x_wconf 87' lang='lat' dir='ltr'><strong>llic</strong></span> <span class='ocrx_word' id='word_1_240' title='bbox 764 3000 857 3053; x_wconf 87' lang='lat' dir='ltr'><strong>tamen</strong></span> <span class='ocrx_word' id='word_1_241' title='bbox 880 2991 987 3054; x_wconf 87' lang='lat' dir='ltr'><strong>ieiellit</strong></span> <span class='ocrx_word' id='word_1_242' title='bbox 1007 3002 1037 3055; x_wconf 89' lang='lat' dir='ltr'><strong>et</strong></span> <span class='ocrx_word' id='word_1_243' title='bbox 1057 2993 1096 3053; x_wconf 91' lang='lat' dir='ltr'><strong>la·</strong></span> 
     </span>
    </p>

    <p class='ocr_par' dir='ltr' id='par_1_9' title="bbox 64 3064 1129 3320">
     <span class='ocr_line' id='line_1_33' title="bbox 64 3064 1096 3154; baseline 0.01 -28"><span class='ocrx_word' id='word_1_244' title='bbox 64 3066 152 3143; x_wconf 65' lang='lat' dir='ltr'><strong>stult,</strong></span> <span class='ocrx_word' id='word_1_245' title='bbox 166 3064 289 3133; x_wconf 81' lang='lat' dir='ltr'><strong>fortasse</strong></span> <span class='ocrx_word' id='word_1_246' title='bbox 305 3073 389 3134; x_wconf 90' lang='lat' dir='ltr'><strong>etiam</strong></span> <span class='ocrx_word' id='word_1_247' title='bbox 402 3073 477 3133; x_wconf 88' lang='lat' dir='ltr'><strong>inter</strong></span> <span class='ocrx_word' id='word_1_248' title='bbox 491 3072 672 3151; x_wconf 78' lang='lat' dir='ltr'><strong>indignantes</strong></span> <span class='ocrx_word' id='word_1_249' title='bbox 689 3074 751 3135; x_wconf 85' lang='lat' dir='ltr'><strong>luit.</strong></span> <span class='ocrx_word' id='word_1_250' title='bbox 784 3072 858 3148; x_wconf 84' lang='lat' dir='ltr'><strong>Quid</strong></span> <span class='ocrx_word' id='word_1_251' title='bbox 872 3073 949 3135; x_wconf 91' lang='lat' dir='ltr'><strong>hune</strong></span> <span class='ocrx_word' id='word_1_252' title='bbox 965 3086 1096 3154; x_wconf 81' lang='lat' dir='ltr'><strong>putemus</strong></span> 
     </span>
     <span class='ocr_line' id='line_1_34' title="bbox 88 3147 1129 3237; baseline 0.012 -29"><span class='ocrx_word' id='word_1_253' title='bbox 88 3147 283 3230; x_wconf 77' lang='lat' dir='ltr'><strong>domiducam,</strong></span> <span class='ocrx_word' id='word_1_254' title='bbox 300 3156 390 3232; x_wconf 91' lang='lat' dir='ltr'><strong>quiin</strong></span> <span class='ocrx_word' id='word_1_255' title='bbox 409 3164 484 3216; x_wconf 89' lang='lat' dir='ltr'><strong>tauta</strong></span> <span class='ocrx_word' id='word_1_256' title='bbox 505 3175 538 3218; x_wconf 89' lang='lat' dir='ltr'><strong>re</strong></span> <span class='ocrx_word' id='word_1_257' title='bbox 551 3166 608 3217; x_wconf 90' lang='lat' dir='ltr'><strong>tam</strong></span> <span class='ocrx_word' id='word_1_258' title='bbox 621 3158 698 3219; x_wconf 89' lang='lat' dir='ltr'><strong>serio</strong></span> <span class='ocrx_word' id='word_1_259' title='bbox 715 3167 846 3237; x_wconf 86' lang='lat' dir='ltr'><strong>tempore</strong></span> <span class='ocrx_word' id='word_1_260' title='bbox 860 3167 917 3219; x_wconf 90' lang='lat' dir='ltr'><strong>tam</strong></span> <span class='ocrx_word' id='word_1_261' title='bbox 937 3161 1129 3223; x_wconf 75' lang='lat' dir='ltr'><strong>scurrilitertt</strong></span> 
     </span>
     <span class='ocr_line' id='line_1_35' title="bbox 77 3232 1096 3320; baseline 0.008 -25"><span class='ocrx_word' id='word_1_262' title='bbox 77 3232 176 3320; x_wconf 87' lang='lat' dir='ltr'><strong>ludat,</strong></span> <span class='ocrx_word' id='word_1_263' title='bbox 190 3235 238 3312; x_wconf 88' lang='lat' dir='ltr'><strong>qui</strong></span> <span class='ocrx_word' id='word_1_264' title='bbox 254 3233 376 3316; x_wconf 88' lang='lat' dir='ltr'><strong>denique</strong></span> <span class='ocrx_word' id='word_1_265' title='bbox 393 3241 505 3301; x_wconf 89' lang='lat' dir='ltr'><strong>omnino</strong></span> <span class='ocrx_word' id='word_1_266' title='bbox 519 3241 548 3303; x_wconf 90' lang='lat' dir='ltr'><strong>in</strong></span> <span class='ocrx_word' id='word_1_267' title='bbox 563 3249 663 3301; x_wconf 90' lang='lat' dir='ltr'><strong>senatu</strong></span> <span class='ocrx_word' id='word_1_268' title='bbox 678 3239 760 3304; x_wconf 83' lang='lat' dir='ltr'><strong>dicax</strong></span> <span class='ocrx_word' id='word_1_269' title='bbox 771 3251 801 3302; x_wconf 90' lang='lat' dir='ltr'><strong>et</strong></span> <span class='ocrx_word' id='word_1_270' title='bbox 816 3242 940 3305; x_wconf 76' lang='lat' dir='ltr'><strong>uubanus</strong></span> <span class='ocrx_word' id='word_1_271' title='bbox 956 3252 986 3304; x_wconf 92' lang='lat' dir='ltr'><strong>et</strong></span> <span class='ocrx_word' id='word_1_272' title='bbox 1001 3244 1096 3310; x_wconf 87' lang='lat' dir='ltr'><strong>hellus</strong></span> 
     </span>
    </p>

    <p class='ocr_par' dir='ltr' id='par_1_10' title="bbox 63 3315 1096 3493">
     <span class='ocr_line' id='line_1_36' title="bbox 63 3315 1096 3408; baseline 0.013 -29"><span class='ocrx_word' id='word_1_273' title='bbox 63 3315 156 3380; x_wconf 71' lang='lat' dir='ltr'><strong>sest?</strong></span> <span class='ocrx_word' id='word_1_274' title='bbox 181 3315 299 3379; x_wconf 81' lang='lat' dir='ltr'><strong>Tantum</strong></span> <span class='ocrx_word' id='word_1_275' title='bbox 320 3319 455 3384; x_wconf 87' lang='lat' dir='ltr'><strong>licentiae</strong></span> <span class='ocrx_word' id='word_1_276' title='bbox 475 3325 569 3403; x_wconf 85' lang='lat' dir='ltr'><strong>pravis</strong></span> <span class='ocrx_word' id='word_1_277' title='bbox 589 3325 711 3401; x_wconf 78' lang='lat' dir='ltr'><strong>ingeniis</strong></span> <span class='ocrx_word' id='word_1_278' title='bbox 728 3324 814 3386; x_wconf 90' lang='lat' dir='ltr'><strong>adicit</strong></span> <span class='ocrx_word' id='word_1_279' title='bbox 831 3324 881 3387; x_wconf 88' lang='lat' dir='ltr'><strong>illa</strong></span> <span class='ocrx_word' id='word_1_280' title='bbox 902 3326 1006 3389; x_wconf 83' lang='lat' dir='ltr'><strong>fiducia</strong></span> <span class='ocrx_word' id='word_1_281' title='bbox 1021 3330 1096 3408; x_wconf 73' lang='lat' dir='ltr'><strong>‘quis</strong></span> 
     </span>
     <span class='ocr_line' id='line_1_37' title="bbox 86 3397 1094 3493; baseline 0.01 -30"><span class='ocrx_word' id='word_1_282' title='bbox 86 3403 162 3463; x_wconf 88' lang='lat' dir='ltr'><strong>enim</strong></span> <span class='ocrx_word' id='word_1_283' title='bbox 177 3397 289 3463; x_wconf 82' lang='lat' dir='ltr'><strong>scietl&#39;</strong></span> <span class='ocrx_word' id='word_1_284' title='bbox 305 3402 442 3487; x_wconf 87' lang='lat' dir='ltr'><strong>Poposcit</strong></span> <span class='ocrx_word' id='word_1_285' title='bbox 457 3407 605 3487; x_wconf 85' lang='lat' dir='ltr'><strong>tabellam,</strong></span> <span class='ocrx_word' id='word_1_286' title='bbox 620 3407 715 3471; x_wconf 88' lang='lat' dir='ltr'><strong>stilum</strong></span> <span class='ocrx_word' id='word_1_287' title='bbox 726 3411 851 3490; x_wconf 87' lang='lat' dir='ltr'><strong>accepit,</strong></span> <span class='ocrx_word' id='word_1_288' title='bbox 868 3409 982 3472; x_wconf 87' lang='lat' dir='ltr'><strong>demisit</strong></span> <span class='ocrx_word' id='word_1_289' title='bbox 998 3421 1094 3493; x_wconf 88' lang='lat' dir='ltr'><strong>caput,</strong></span> 
     </span>
    </p>
   </div>
   <div class='ocr_carea' id='block_1_8' title="bbox 0 0 1206 3848">
    <p class='ocr_par' dir='ltr' id='par_1_11' title="bbox 0 0 1206 3848">
     <span class='ocr_line' id='line_1_38' title="bbox 0 0 1206 3848; baseline 0 0"><span class='ocrx_word' id='word_1_290' title='bbox 0 0 1206 3848; x_wconf 95' lang='lat' dir='ltr'><strong> </strong></span> 
     </span>
    </p>
   </div>
  </div>
 </body>
</html>
