2400 3848
416 200 677 263 EPISTULARUM
690 203 725 263 V.
744 214 770 268 6.
1061 205 1102 267 95

101 353 315 415 saluberrimum
335 353 468 414 adflatum
491 372 527 415 ex
549 354 727 434 Appenninis
747 353 868 417 vallibus
890 356 1009 435 recipit:
1034 365 1101 435 post

100 437 243 498 latissimis
264 435 399 498 fenestris
416 439 531 514 uncas,
553 437 642 499 valvis
658 456 749 516 aeque
762 440 878 518 vineas,
901 439 953 500 sed
968 456 1022 517 per
1038 458 1100 516 cry·

100 521 308 599 ptopurticnm,
334 522 413 599 quasi
426 520 552 581 admittit.
584 520 610 580 A
626 520 715 582 latere
729 521 859 601 triclinii,
875 523 951 601 quod
965 522 1143 589 fenestrisao

102 613 197 681 caret,
221 602 316 665 scalae
334 605 464 664 convivio
483 604 560 664 utilia
573 606 731 665 secretiore
748 606 851 666 ambitu
873 615 1038 684 suggerunt.
1067 605 1099 666 ln

74 689 155 756 sune
171 686 349 765 cubiculum,
378 687 423 747 cui
437 705 494 747 non
508 689 599 750 nrinns
618 689 768 748 iucundum
783 700 968 770 prospectum
985 699 1099 770 crypto-

99 773 227 850 porticus
247 772 309 848 ipsa
332 788 413 848 quam
432 773 531 831 vineae
554 773 700 850 praebent.
740 772 848 834 Subest
869 776 1099 852 cryptoporticus

99 856 302 917 subterraneae
322 853 434 922 similis;
460 863 569 916 aestate
593 854 704 916 incluso
729 855 837 934 frigora
856 859 932 935 riget
954 865 1099 917 contenta·

100 956 157 1018 que
174 943 242 998 atre
262 954 315 999 suo
338 956 393 998 nec
418 938 560 999 desiderat
579 957 661 1000 auras
683 957 737 1000 nec
752 938 877 1000 admittit.
915 939 982 1000 Post
997 948 1097 1000 utram·
1106 950 1139 1005 31

100 1039 156 1102 que
179 1023 421 1102 cryptoporticum
441 1022 514 1084 unde
538 1023 688 1083 triclinium
715 1022 817 1083 desinit
837 1025 935 1102 incipit
956 1026 1096 1102 porticus,

56 1125 90 1179 10
97 1115 162 1166 ante
178 1105 300 1166 medinm
315 1105 388 1166 diem
402 1104 535 1184 hiberna,
558 1105 690 1167 inclinato
707 1106 752 1167 die
769 1108 887 1168 aestiva.
918 1105 978 1167 llac
994 1107 1098 1167 adeun·

96 1199 143 1250 tur
156 1187 264 1249 diaetae
281 1188 364 1266 duae,
381 1207 495 1268 quarum
506 1190 534 1249 in
548 1190 637 1251 altera
653 1189 783 1251 cubicula
794 1200 925 1269 quattuor
935 1188 1023 1250 altera
1034 1192 1097 1267 tria,

97 1281 127 1332 ut
143 1273 270 1332 circumit
284 1271 345 1349 sol,
368 1282 415 1333 ant
432 1271 496 1333 solo
510 1282 623 1334 utuntur
637 1284 683 1335 aut
698 1274 803 1334 umbra.
837 1273 915 1334 Hanc
934 1273 1140 1351 dispositio-32

96 1372 163 1416 nem
177 1355 430 1434 amoenitatemque
451 1365 591 1416 tectorum
611 1355 698 1434 longe
716 1357 860 1435 longeque
875 1357 1022 1435 praecedit
1036 1356 1097 1436 hip-

96 1437 263 1518 podromus.
295 1435 404 1498 lledius
423 1440 544 1516 patescit
560 1441 709 1518 statimque
730 1441 888 1499 intrantium
909 1438 999 1500 oculis
1020 1448 1096 1500 totus

56 1533 88 1587 15
98 1523 228 1598 offertur,
241 1519 360 1599 platanis
372 1523 542 1582 circumitur.
561 1522 630 1583 lllae
641 1522 746 1583 hedera
757 1523 915 1583 vestiuntur
925 1532 1012 1601 utque
1023 1541 1098 1583 sum·

98 1623 161 1666 mae
182 1606 241 1665 suis
257 1605 295 1664 ita
315 1605 386 1664 imae
401 1603 501 1666 alienis
517 1605 664 1667 irondibus
680 1609 785 1666 virent:
807 1605 913 1667 hedera
925 1615 1054 1667 huncum
1068 1615 1097 1666 et

98 1705 192 1749 ramos
206 1696 336 1767 pererrat
354 1689 517 1768 vicinasque
533 1689 662 1769 platanos
682 1691 799 1751 transitu
820 1707 872 1750 suo
894 1689 1022 1768 copulat:
1045 1690 1096 1751 has

97 1773 189 1832 buxus
204 1773 367 1832 interiacet:
382 1774 542 1834 exteriores
557 1775 647 1835 buxos
660 1775 843 1834 circumvenit
858 1772 953 1834 laurus
968 1774 1095 1833 umbrae-

98 1874 155 1934 que
170 1855 345 1936 platanorum
360 1874 438 1916 suam
454 1856 573 1917 confert.
596 1856 704 1919 Rectus
715 1856 894 1935 hippodromi
907 1856 989 1918 limes
1003 1857 1032 1916 in
1047 1873 1094 1917 ex·
1103 1865 1137 1919 33

56 1950 186 2008 aotrema
204 1948 284 2019 parte
304 1938 474 2016 hemicyclio
496 1939 633 2018 frangitur
651 1949 795 2019 mutatque
810 1940 926 2001 faciem:
950 1942 1095 2020 cupressis

97 2023 215 2084 ambitur
228 2032 257 2084 et
271 2025 387 2101 tegitur,
404 2023 539 2085 densiore
555 2024 652 2084 umbra
663 2025 780 2102 opacior
789 2025 967 2102 nigriorqne;
982 2025 1096 2083 interio-

97 2107 175 2167 ribus
201 2104 314 2166 circulis
344 2106 425 2184 (sunt
452 2108 526 2165 enirn
552 2105 664 2186 plures)
686 2107 866 2184 purissimum
888 2106 961 2166 diem
984 2107 1094 2183 recipit.

96 2190 166 2250 Inde
182 2191 266 2249 etiam
279 2206 360 2250 rosas
376 2189 459 2249 effert
481 2190 696 2268 umbrarumque
714 2190 804 2267 frigus
825 2206 881 2248 non
901 2191 1011 2268 ingrato
1032 2187 1138 2249 soleta

97 2274 251 2351 distinguit.
273 2271 364 2334 Finito
375 2274 452 2333 vario
468 2271 519 2333 illo
534 2273 740 2354 multiplicique
752 2273 912 2334 curvamine
923 2280 1004 2334 recto
1016 2271 1095 2331 limiti

55 2357 238 2435 aaredditur,
256 2375 311 2418 nec
325 2356 390 2416 hnic
404 2358 460 2416 uni.
483 2355 553 2417 Nam
566 2359 629 2418 viae
644 2357 742 2437 plures
756 2356 998 2418 intercedentibus
1013 2356 1095 2417 hunis

98 2440 264 2501 dividuntur.
297 2439 375 2500 Alibi
393 2439 532 2519 pratulnm
548 2440 614 2501 alibi
636 2443 699 2521 ipsa
712 2441 804 2503 burns
818 2442 971 2502 intervenit
990 2442 1018 2499 in
1038 2439 1137 2500 ior-35

96 2542 156 2586 mas
169 2524 247 2585 mille
263 2524 423 2603 descripta,
443 2525 552 2586 litteras
566 2526 720 2602 interdum,
740 2543 812 2604 quae
828 2524 912 2585 modo
926 2542 1029 2585 nomen
1047 2523 1096 2583 do·

97 2610 162 2668 mini
178 2608 274 2669 meunt
288 2608 372 2668 modo
389 2610 519 2670 artificis:
534 2608 649 2670 alternis
663 2608 786 2669 metulae
798 2617 916 2687 snrgunt
929 2607 1044 2669 alternis
1056 2609 1097 2665 in·

98 2702 174 2753 serta
185 2701 250 2752 sunt
260 2710 355 2770 poma,
371 2693 442 2753 etin
457 2710 546 2772 opere
561 2693 746 2755 urbanissimo
762 2693 854 2774 subita
867 2690 946 2751 velut
961 2689 1036 2749 inlati
1050 2707 1096 2746 ru·

53 2778 135 2847 soris
161 2776 287 2837 imitatio.
324 2774 448 2836 Medion
472 2778 592 2855 spatium
612 2775 790 2837 brevioribus
810 2777 950 2851 utrimque
975 2771 1094 2849 platanis

97 2859 259 2920 adornatur:
282 2867 349 2937 post
370 2859 420 2920 has
440 2860 574 2921 acanthus
589 2859 655 2918 hinc
672 2859 736 2918 inde
752 2856 878 2918 lubricus
893 2864 921 2915 et
938 2855 1137 2932 ilexuosus,3ii

97 2942 200 3004 deinde
221 2941 320 3021 plnres
340 2943 446 3020 figurae
467 2943 604 3022 pluraque
625 2943 745 3002 nomina.
777 2940 807 3000 ln
831 2942 924 3018 capite
947 2937 1095 2999 stibadium

98 3025 217 3089 candido
236 3043 376 3087 marmore
396 3028 454 3086 vite
472 3027 644 3105 protegitur:
666 3026 753 3085 vitem
775 3031 906 3102 quattuor
926 3020 1096 3082 columellae

98 3108 244 3187 Carystiae
259 3110 391 3171 subeunt.
410 3109 456 3170 Ex
469 3110 588 3171 stibadio
602 3127 684 3189 aqna,
698 3105 778 3168 velut
788 3123 927 3185 expressa
937 3106 1096 3166 cubantium

52 3194 242 3275 aspernere,
263 3192 420 3273 sipunculis
442 3193 549 3271 effluit,
572 3204 672 3254 cavato
693 3190 787 3271 lapido
803 3192 974 3268 suscipitur,
996 3188 1096 3268 gracili

95 3295 234 3340 marmora
252 3278 427 3356 continetur,
449 3276 540 3357 adqne
560 3279 597 3339 ita
619 3275 733 3338 occulte
747 3283 920 3355 temperatur
934 3283 965 3335 ut
981 3270 1097 3350 impleat

95 3383 152 3425 nec
165 3360 314 3423 redundet.
338 3359 526 3422 Gustatorium
540 3363 710 3440 graviorque
726 3377 797 3420 cena
810 3359 926 3437 margini
942 3356 1095 3435 inponitur,
1104 3360 1136 3416 at

96 3447 189 3509 levior
203 3445 385 3507 naucularum
402 3455 432 3506 et
451 3447 541 3507 orium
557 3446 654 3523 ilguris
672 3444 797 3505 innatans
819 3443 956 3505 circumit.
990 3436 1096 3499 contra
