2400 3840
288 187 551 251 nvrsvunmuu
566 202 591 254 1.
607 192 807 269 sepono
823 193 910 271 crs]
1039 191 1102 256 rsa

93 339 304 419 praefecturam
319 342 418 401 aerarii
436 341 565 421 Saturni,
586 344 715 404 omnibus
727 343 976 422 advocationibus,
998 344 1100 422 quibus

93 426 200 503 alioqui
215 443 365 504 numquam
380 443 456 486 eram
472 429 634 504 promiscue
650 427 781 506 iunctus,
803 428 977 505 renuntiavi,
993 436 1024 486 ut
1038 437 1100 488 toto

93 510 186 570 animo
202 507 336 587 delegato
354 509 420 569 mibi
436 509 532 570 oidcio
546 527 687 571 vacarem.
722 510 784 584 Qua
799 529 837 571 ex
852 529 954 589 causa,
972 529 1036 571 cum
1051 519 1127 590 pai

93 602 207 655 monum
221 610 266 652 mc
282 591 475 672 provinciales
490 603 638 672 optassent
659 603 756 656 contm
770 593 889 655 diarium
902 594 1044 671 Priscum,
1071 603 1101 655 et

71 679 165 757 opetii
180 677 291 738 veniam
302 677 385 738 buius
397 680 522 740 muneris
537 688 567 740 et
582 680 731 757 inpetrari.
760 677 819 738 Sed
836 696 900 739 cum
914 686 1015 757 postea
1033 695 1101 739 con·

94 760 138 822 sul
167 760 332 838 designatus
360 762 521 824 censuisset
541 761 682 840 agendum
701 762 867 839 nobiscum,
895 778 1014 841 quorum
1041 771 1101 822 erat

95 847 242 907 excusatio
257 854 387 925 recepta,
404 855 434 906 ut
448 864 578 907 essemus
594 847 622 905 in
637 855 752 907 senatus
767 854 911 926 potestate
927 853 1100 924 pateremur·

95 949 152 1009 que
172 930 284 990 nomina
304 939 401 990 nostra
420 931 450 989 in
468 948 565 991 umam
587 931 695 1008 conici,
721 930 1019 991 convenientissimum
1033 949 1100 990 esse

96 1013 289 1093 tranquillitati
310 1011 419 1074 saeculi
438 1015 478 1074 tui
498 1015 595 1093 putavi
614 1015 782 1092 praesertim
797 1024 853 1076 tam
869 1010 1031 1074 modemtae
1049 1030 1100 1073 vo·

52 1098 87 1151 10
95 1097 195 1158 luntati
216 1096 380 1175 amplissimi
402 1097 506 1158 ordinis
527 1116 585 1157 non
604 1116 775 1177 repugnare.
809 1097 861 1157 Oui
880 1096 1020 1176 obsequio
1034 1108 1126 1163 meos

95 1191 165 1262 opto
184 1189 214 1241 ιιι
228 1183 373 1243 existimes
390 1190 521 1242 constare
539 1183 696 1260 rationem,
718 1200 783 1243 cum
805 1182 897 1242 onmia
917 1179 992 1241 facta
1012 1180 1100 1242 dicta·

94 1284 152 1344 que
167 1283 230 1326 mea
244 1264 368 1343 probare
384 1266 569 1326 sanctissimis
586 1267 711 1328 moribus
727 1268 784 1327 tuis
800 1266 920 1344 cupiam.

52 1520 87 1575 ,5
434 1397 719 1547 mnrdffimo
739 1496 765 1549 s,

157 1594 328 1657 etormet
348 1597 488 1659 senatoris
506 1595 574 1656 boni
594 1596 722 1674 partibus
744 1596 858 1658 iunctus
874 1616 906 1657 es
929 1596 1101 1677 obsequium

94 1679 261 1759 amplissimi
274 1679 391 1759 ordinis,
407 1679 484 1759 quod
495 1681 649 1741 iustissime
661 1680 805 1758 exigebat,
817 1681 997 1760 praestando.
1022 1681 1100 1755 Quas

94 1774 193 1843 partes
209 1763 378 1843 inpletumm
394 1773 424 1825 te
437 1764 593 1825 secundum
609 1773 775 1844 susceptam
791 1765 875 1826 fidem
888 1764 1008 1826 conlido.

522 1896 586 1958 1111.
610 1895 685 1976 [ιιι]

321 1996 349 2052 G,
369 1995 494 2048 PLINIUS
509 1995 654 2047 TRAIANO
671 1995 881 2047 IMPERATORI.

158 2097 337 2176 Indulgentia
351 2106 413 2177 tua,
429 2100 581 2177 imperator
595 2099 719 2177 optime,
742 2113 824 2175 quam
844 2095 1038 2175 plenissimam
1053 2112 1129 2163 err-1

95 2182 211 2262 perior,
234 2182 362 2243 bortatur
374 2200 420 2243 me
435 2193 466 2244 ut
480 2182 597 2244 audeam
617 2183 667 2243 tibi
683 2182 766 2242 etiam
781 2196 834 2258 pro
851 2181 949 2240 amicis
965 2177 1102 2256 obligari3

95 2267 170 2326 inter
185 2283 258 2344 quos
272 2266 327 2327 sibi
341 2266 389 2327 vel
404 2269 588 2346 praecipuum
601 2266 697 2328 locum
710 2264 834 2325 vindicat
845 2263 991 2326 Voconius
1000 2261 1103 2324 Roma·

51 2357 168 2426 bonus,
189 2350 225 2410 ab
247 2352 363 2412 incunte
384 2360 477 2411 aetate
499 2349 713 2431 condiscipulus
736 2358 765 2409 et
781 2347 993 2410 contubernalis
1011 2364 1102 2409 meus.

97 2432 210 2507 Quibus
226 2453 263 2495 ex
279 2435 373 2496 causis
389 2444 418 2495 et
432 2453 448 2496 a
462 2434 529 2495 divo
548 2445 629 2516 patre
644 2438 697 2496 ιιιο’
710 2435 849 2513 petieram
864 2441 894 2494 ut
909 2430 989 2492 illum
1004 2433 1033 2492 in
1048 2446 1131 2496 ama

95 2515 255 2597 piissimum
270 2517 397 2579 ordinem
412 2528 604 2597 promoveret.
627 2519 686 2580 Sed
699 2518 757 2580 boc
770 2527 868 2579 votum
881 2534 975 2578 meum
986 2516 1104 2578 bonitati
1168 2565 1170 2569 ,

95 2609 166 2662 tuae
181 2611 360 2662 reservatum
377 2611 433 2681 est,
450 2605 515 2683 quia
528 2613 619 2664 mater
633 2602 753 2664 Romani
764 2601 962 2663 liberalitatem
980 2601 1105 2662 sestertii

96 2684 348 2764 quadringenties,
376 2686 453 2767 quod
480 2687 613 2749 conferre
640 2707 673 2749 se
694 2687 752 2747 filio
774 2685 916 2747 codicillis
938 2683 974 2745 ad
995 2694 1105 2762 patrem

52 2777 175 2840 aotnum
191 2771 308 2850 scriptis
325 2771 459 2850 professa
474 2771 583 2850 iuerat,
603 2770 727 2832 nondum
747 2773 815 2832 satis
835 2771 963 2847 legitime
980 2784 1104 2847 perege·

96 2863 155 2923 rat;
173 2853 251 2931 quod
265 2863 366 2934 postea
379 2854 450 2915 iecit
464 2854 604 2916 admonita
619 2873 636 2914 a
650 2855 743 2915 nobis.
762 2853 834 2914 Nam
849 2862 877 2912 et
892 2850 995 2912 londos
1010 2860 1132 2914 eman-3

98 2937 207 3015 eipavit
221 2946 251 2998 et
272 2948 370 2999 cetera
391 2956 464 3017 quae
479 2941 508 2999 in
528 2939 754 3016 emancipatione
768 2935 903 3017 inplenda
916 2934 1013 2996 solent
1028 2935 1105 3014 exigi

98 3024 312 3083 consummavit.
334 3019 405 3083 Cum
417 3025 453 3084 sit
468 3041 539 3101 ergo
555 3024 660 3082 linitum
674 3021 750 3102 quod
764 3043 779 3083 s
801 3040 834 3082 es
848 3029 961 3080 nostras
976 3019 1132 3084 morehel

96 3112 160 3184 tur,
181 3123 239 3167 non
254 3109 317 3168 sine
331 3124 432 3185 magna
448 3106 548 3167 fiducia
562 3107 701 3185 subsigno
717 3040 835 3186 apuXtc
853 3103 937 3165 iidem
951 3121 1004 3184 pro
1020 3106 1104 3165 mori·

55 3189 151 3252 bobus
172 3188 293 3251 Romani
313 3194 386 3268 mei,
410 3209 482 3270 quos
504 3201 534 3253 et
550 3189 680 3252 liberalia
702 3189 794 3252 studia
808 3198 947 3250 exornant
961 3199 991 3250 et
1006 3190 1106 3249 eximia

98 3275 207 3351 pietas,
236 3294 291 3355 qua
312 3276 385 3336 hanc
404 3276 495 3353 ipsam
517 3277 612 3337 matris
632 3273 830 3336 liberalitatem
850 3283 880 3333 et
901 3275 994 3335 statim
1017 3272 1104 3350 patris

98 3356 287 3419 hereditatem
303 3369 331 3420 et
345 3360 527 3437 adoptionem
542 3379 557 3420 a
571 3361 673 3420 vitrico
690 3358 800 3418 memit.
823 3357 919 3436 Auget
932 3358 1003 3417 baec
1018 3364 1047 3414 et
1057 3364 1130 3417 ιιι-5

99 3439 197 3503 talium
212 3454 241 3504 et
252 3452 430 3523 paternarum
440 3444 603 3506 facultatum
613 3441 763 3523 splendor;
779 3443 883 3522 quibus
899 3439 1020 3518 singulis
1034 3437 1105 3497 mul·

51 1946 88 1998 20
