2400 3848
88 166 150 231 108
513 161 545 223 G.
569 160 666 223 PLINI

87 319 140 380 ista
154 316 191 379 ad
208 325 346 378 mortuum
360 315 521 393 pertinent,
543 314 595 375 sed
609 313 821 393 pertinuerunt,
843 329 912 373 cum
926 323 1092 392 moreretur,

88 403 231 480 pertinent
250 399 287 461 ad
300 399 354 460 bos
370 399 418 477 qui
433 407 595 477 supersunt.
619 395 677 456 lam
690 394 767 475 quod
781 397 811 455 in
832 396 907 458 llore
928 401 1025 476 primo
1039 409 1093 460 tsn-

87 495 134 547 tae
150 483 252 545 indolis
268 484 379 545 iuvenis
395 484 538 543 extinctus
555 490 617 557 est,
638 497 746 541 summa
761 489 989 560 consecuturus,
1006 483 1031 543 si
1043 484 1092 542 rir-

62 569 164 629 5tutes
183 569 246 629 eins
260 568 469 629 maturuissent.
498 565 564 639 Quo
584 563 634 624 ille
652 563 808 624 studiorum
829 582 931 626 amore
948 565 1093 644 domabat!

89 662 224 731 quantum
236 650 325 730 legit,
346 659 480 730 quantum
494 651 578 710 etiam
593 647 725 726 scripsit!
746 664 819 726 quae
830 666 909 709 nunc
925 653 1021 711 omnia
1037 656 1112 710 cunt

62 733 153 814 6ipso
173 738 236 798 sine
255 734 351 796 tmcm
372 734 547 813 posteritatis
562 731 700 792 abierunt.
731 730 791 792 Sed
802 732 870 811 quid
885 749 947 811 ego
962 732 1094 812 indulgeo

89 815 202 880 doloril
225 820 271 880 cui
285 820 311 880 si
328 817 427 878 frenos
446 818 590 894 remittas,
610 812 688 874 nulla
702 817 818 876 oratoria
831 833 890 876 uon
904 820 1031 878 maxima
1045 826 1094 878 est.

88 901 186 965 Finem
203 901 345 982 epistulae
357 900 474 977 facicm,
496 908 528 959 ut
541 900 639 961 iecere
655 900 765 976 possim
780 901 864 961 etiam
882 898 1013 963 lacrimis
1030 919 1094 982 ques

88 986 211 1067 epistula
225 984 379 1063 expressit.
412 980 494 1042 Vale.

485 1177 696 1187 -——-----...

305 1344 343 1428 o.
373 1342 485 1426 uum
516 1341 676 1425 omum
706 1341 882 1424 suouuor

208 1509 982 1626 lllllllllllllll
1102 1507 1126 1562 ¹⁶

456 1699 554 1755 LIBER
576 1699 720 1758 SEXTUS.

577 1859 599 1920 l.

381 1960 408 2012 0.
427 1960 552 2013 PLINIUS
571 1960 680 2011 TIRONI
697 1959 757 2012 SUO
774 1960 800 2010 S.

66 2071 81 2123 1
154 2060 243 2138 Quam
256 2062 304 2123 diu
316 2080 373 2142 ego
389 2073 465 2125 trans
477 2063 590 2141 Padum,
603 2072 633 2124 tu
646 2065 675 2123 in
686 2061 804 2140 Piceno,
815 2064 906 2124 minus
921 2074 953 2125 te
966 2067 1095 2145 require·

90 2147 170 2206 bam:
184 2157 335 2227 postquam
350 2166 408 2226 ego
424 2150 453 2208 iu
468 2149 550 2226 urbe,
566 2156 597 2208 tu
612 2147 704 2208 adhuc
714 2148 743 2207 in
753 2145 871 2224 Piceno,
881 2146 973 2208 multo
987 2152 1095 2228 megis3

90 2248 143 2289 seu
157 2231 234 2309 quod
248 2233 311 2309 ipsa
331 2231 396 2291 loca
414 2232 443 2291 in
463 2231 566 2310 quibus
587 2250 654 2292 esse
669 2247 724 2290 una
739 2229 865 2291 solemus
881 2234 977 2293 acrius
992 2251 1040 2294 me
1054 2235 1096 2295 tui

91 2321 287 2389 commonent,
307 2331 359 2373 seu
379 2313 455 2392 quod
475 2313 646 2373 desiderium
666 2314 823 2375 absentium
838 2313 907 2374 nibil
922 2317 1045 2394 perinde
1059 2333 1132 2386 aest

90 2395 218 2454 vicinitas
239 2396 332 2471 acuit,
356 2413 470 2474 quoque
492 2397 609 2475 propius
629 2400 790 2458 accesseris
811 2395 846 2457 ad
866 2415 947 2476 spem
968 2399 1094 2478 fruendi,

65 2474 148 2535 ahoc
167 2478 355 2554 impatientius
380 2496 487 2538 careas.
524 2477 665 2559 Quidquid
686 2482 714 2539 in
734 2498 837 2558 causa,
858 2484 938 2560 eripe
960 2501 1007 2544 me
1028 2483 1096 2544 huic

88 2566 246 2620 tormento:
260 2562 338 2638 veni,
351 2571 398 2621 aut
413 2579 469 2638 ego
486 2561 555 2622 illuc
566 2562 640 2623 uude
655 2564 817 2626 inconsulte
831 2569 985 2644 properari
995 2584 1095 2628 rever·

88 2651 142 2722 tar,
156 2643 204 2706 vel
220 2645 257 2707 ob
271 2643 329 2706 boc
342 2644 435 2706 solum
450 2654 480 2705 ut
491 2648 622 2725 experiar
635 2665 670 2707 arr
683 2648 760 2727 mibi,
779 2665 843 2710 cum
854 2650 916 2710 sinc
926 2668 973 2710 me
984 2649 1096 2712 Romae

90 2731 223 2809 coeperis
241 2747 319 2808 esso,
335 2727 443 2793 similes
457 2728 502 2791 his
516 2729 655 2810 epistulas
672 2735 775 2793 mittas.
806 2731 888 2793 Vale.
1103 2757 1137 2812 30

572 2864 609 2925 11.

360 2964 388 3019 G.
407 2965 533 3017 PLINIUS
548 2965 696 3017 ARRIANO
713 2964 772 3016 SUO
792 2963 818 3018 S.

62 3062 78 3114 1
149 3059 239 3124 Soleo
253 3082 472 3147 nonnumquam
486 3070 515 3128 in
528 3068 639 3130 iudiciis
652 3087 791 3148 quaerere
802 3067 842 3128 ll.
852 3067 1008 3147 Regulum,
1024 3070 1095 3133 nolo

61 3142 163 3202 renim
177 3143 291 3224 dicere,
313 3149 487 3213 desiderare.
521 3148 580 3210 Gur
597 3168 668 3228 ergo
683 3149 811 3231 quaero?
841 3152 973 3214 Habebat
991 3154 1138 3224 studiis35

87 3224 243 3306 honorem,
264 3232 397 3310 timebat,
418 3233 560 3312 pallebat,
581 3234 742 3312 scribebat,
763 3238 889 3313 quamvis
912 3254 969 3296 non
989 3247 1096 3316 posset

89 3309 228 3373 ediscere.
263 3311 337 3373 lllud
358 3317 468 3396 ipsum,
490 3317 567 3397 qnod
581 3317 694 3377 oculum
707 3318 792 3379 modo
808 3319 937 3380 dextrum
951 3320 1039 3381 modo
1056 3325 1095 3384 si-

86 3394 204 3455 nistmm
218 3395 448 3479 circumlinebat,
472 3400 619 3480 dextrum,
641 3402 665 3460 si
685 3404 855 3482 apetitore,
878 3404 1017 3485 alterum,
1033 3407 1060 3467 si
1080 3424 1096 3466 a

1101 1921 1129 1973 lb

192 3706 295 3732 Α
