2400 3840
100 201 121 264 4
528 193 561 256 (l.
584 191 682 255 PLlNl

101 352 216 412 territus
233 347 420 428 adprehendit
438 345 594 408 Caecilium
611 344 755 424 Celerem,
773 361 839 404 mox
853 341 972 403 Fabium
986 339 1089 420 lustum,

101 443 183 512 rogat
198 443 228 493 ut
242 450 288 493 me
304 433 358 493 sibi
369 431 567 493 reconcilient.
589 429 652 491 Nee
665 436 827 504 contentus,
845 428 977 505 pervenit
987 426 1022 486 ad
1032 426 1091 505 Spu·

101 520 222 579 rinnam:
238 517 304 576 lruic
318 514 504 594 suppliciter,
526 525 557 576 ut
573 522 617 575 est
629 532 693 574 cunr
703 515 782 573 timet
798 511 1027 588 abiectissimus,
1045 515 1091 568 ‘ro

102 607 152 679 go’
170 602 259 680 inquit
279 605 372 660 ‘mane
386 599 484 660 videas
499 598 618 659 Plinium
632 597 719 675 domi,
735 594 787 657 sed
801 594 887 674 plane
898 612 981 654 mnne
997 593 1090 674 (neque

102 687 176 746 enim
191 685 293 744 diutius
308 685 384 746 ierre
400 681 619 745 sollicitudinem
629 680 772 761 possum),
787 687 817 740 et
834 676 1044 757 quoquomodo
1058 674 1107 736 eit

81 771 184 831 illicias
207 787 243 829 ne
262 768 328 829 mihi
349 769 508 828 irascatur'.
539 765 762 843 Evigilaveram:
780 763 894 823 nuntius
915 780 931 821 a
953 762 1092 840 Spurinna:

103 855 199 913 ‘venio
220 851 254 912 ad
275 858 326 913 te’.
352 848 451 909 ‘Immo
474 867 531 927 ego
550 849 586 910 ad
602 855 654 910 te’.
689 846 804 909 Coimus
821 848 849 905 in
869 846 984 924 porticu
1001 844 1092 919 Liviae,
1132 860 1136 869 ’

103 955 167 996 cum
187 937 260 997 alter
280 935 317 994 ad
337 935 456 993 alterum
476 932 667 993 tenderemus.
697 930 823 1009 Exponit
841 927 948 1007 Reguli
969 927 1092 1002 mandata,

102 1019 177 1080 addit
191 1035 297 1097 preces
312 1035 388 1092 suas,
406 1025 436 1076 ut
451 1015 573 1076 decebat
590 1017 724 1095 optimum
737 1016 828 1073 virum
839 1030 893 1091 pro
909 1011 1092 1086 dissimillimo,
1139 1088 1141 1097 Ι

62 1116 95 1168 10
102 1121 198 1181 parce.
228 1099 281 1160 Cui
297 1117 353 1178 ego
368 1100 518 1176 <dispicies
532 1100 595 1178 ipse
612 1099 680 1178 quid
700 1094 913 1158 renuntiandum
927 1095 1042 1174 Regulo
1055 1098 1121 1174 puli
1138 1100 1141 1163 j

103 1197 162 1247 tes:
180 1194 210 1245 te
225 1183 320 1263 decipi
336 1201 352 1243 a
366 1201 411 1244 me
427 1201 484 1243 non
495 1192 618 1262 oportet.
642 1182 773 1261 Expecto
788 1179 958 1243 llauricum’
971 1178 1096 1260 (nondum
1138 1186 1141 1229 ἕ

102 1270 137 1328 ab
154 1268 240 1330 exilio
254 1269 402 1345 venerat):
420 1266 498 1328 ‘ideo
512 1266 580 1328 nihil
595 1265 758 1327 alterutram
768 1266 796 1325 in
810 1273 920 1344 partem
931 1263 1096 1343 respondere

102 1353 152 1412 tibi
168 1369 296 1432 possum,
312 1351 437 1412 facturus
453 1350 588 1432 quidquid
602 1349 652 1410 ille
667 1349 843 1417 decreverit;
860 1342 941 1407 illum
956 1349 1031 1409 euim
1042 1363 1097 1408 esse

62 1437 184 1501 libuius
201 1436 313 1497 consilii
336 1435 456 1514 ducem,
483 1453 529 1497 me
546 1436 680 1495 comitem
696 1433 804 1494 decet’.
838 1431 951 1492 Paucos
965 1441 1033 1512 post
1048 1431 1097 1490 dios

101 1525 166 1601 ipse
180 1539 226 1581 me
240 1518 371 1597 Regulus
394 1520 529 1579 convenit
546 1520 575 1578 iu
589 1518 732 1599 praetoris
748 1516 860 1576 cilicio:
884 1515 956 1576 illuc
972 1510 1126 1595 persecu-ll

102 1615 147 1681 tus
163 1612 307 1664 secretum
327 1603 414 1681 petit:
436 1603 475 1662 ait
494 1604 595 1662 timere
614 1619 647 1662 se
664 1620 700 1661 ne
720 1602 811 1660 animo
831 1617 896 1660 meo
912 1602 1028 1678 penitus
1042 1598 1099 1659 bae·

102 1695 180 1746 reret
195 1685 272 1764 quod
285 1687 313 1744 in
329 1683 522 1744 centumvirali
536 1684 641 1746 iudicio
657 1684 805 1764 aliquando
826 1684 964 1762 dixisset,
987 1701 1051 1744 ema
1063 1699 1100 1741 re·

103 1767 260 1848 sponderet
273 1769 339 1828 mibi
356 1778 385 1828 et
400 1768 492 1829 Satrio
506 1768 593 1846 liufo,
610 1767 730 1830 ‘Satrius
742 1767 844 1845 Rufus,
863 1770 909 1827 cui
920 1778 1035 1829 nonest
1047 1782 1102 1827 cum

104 1850 246 1913 Cicerone
258 1846 419 1928 aemulatio,
435 1861 464 1913 et
479 1855 527 1931 qui
539 1861 690 1914 contentus
703 1860 748 1912 est
762 1852 924 1930 eloquentia
938 1851 1050 1913 saeculi
1059 1867 1102 1910 no·

63 1943 95 1994 ιι
105 1938 177 1996 stri'.
200 1935 348 2015 Respondi
363 1953 438 1996 nunc
451 1954 497 1996 me
514 1935 687 2014 intellegere
702 1935 824 2016 maligne
837 1934 954 2014 dictum,
972 1936 1136 2015 guiaipseii

105 2020 289 2081 confiteretur
296 2042 303 2090 ;
334 2029 462 2081 ceterum
480 2022 610 2100 potuisse
632 2020 819 2081 honorificum
841 2020 1006 2080 existimari.
1045 2017 1104 2079 ‘Est

104 2107 189 2164 enim’
204 2107 315 2185 inquam
331 2105 409 2165 <mihi
424 2122 488 2165 cum
505 2103 647 2166 Cicerone
662 2104 823 2181 aemulatio,
841 2121 897 2163 nec
914 2122 977 2162 sum
993 2112 1104 2164 conten·

61 2193 147 2249 litus
163 2189 327 2268 eloquentia
341 2188 450 2249 saeculi
465 2191 565 2249 nostri.
597 2187 668 2249 Nam
688 2187 883 2248 stultissimum
898 2187 988 2247 credo
1003 2186 1040 2247 ad
1052 2188 1105 2247 imi·

102 2270 216 2331 tandum
230 2289 287 2331 non
302 2273 406 2349 optbna
421 2289 552 2351 quaeque
569 2290 742 2352 proponere.
769 2270 829 2331 Sed
840 2279 888 2350 tu,
905 2273 955 2350 qui
971 2271 1055 2332 buius
1069 2273 1106 2330 iu·

103 2355 169 2414 dicii
191 2355 361 2431 meministi,
388 2372 439 2414 cur
455 2354 530 2417 illius
553 2355 658 2417 oblitus
681 2375 714 2416 es
734 2357 763 2415 in
784 2373 841 2433 quo
863 2373 909 2415 me
928 2355 1141 2434 interrogasiiit

103 2435 171 2516 quid
187 2435 223 2497 de
240 2436 310 2498 Meti
326 2436 449 2499 illodesti
461 2440 567 2518 pietate
579 2437 753 2502 sentireml'
775 2437 921 2518 Expalluit
935 2441 1108 2516 notabiliter,

103 2522 231 2600 quamvis
246 2520 352 2598 palleat
367 2540 494 2601 semper,
512 2533 542 2584 et
557 2523 779 2585 haesitabundus
795 2525 993 2602 interrogavi,
1010 2542 1068 2585 non
1081 2531 1110 2582 ut

108 2604 158 2666 tibi
174 2621 320 2682 nocerem,
336 2605 388 2666 sed
405 2614 436 2665 ut
449 2605 606 2668 llodesto.²
625 2606 698 2667 Vide
707 2607 828 2667 hominis
841 2607 1051 2687 crudelitatem,
1066 2607 1111 2688 qui

60 2697 95 2751 14
108 2708 141 2751 se
161 2706 218 2750 non
234 2688 393 2770 dissimulet
413 2689 489 2750 exuli
510 2707 617 2752 nocere
630 2690 768 2752 voluisse.
801 2690 951 2752 Subiunxit
966 2694 1112 2771 egregiam

103 2792 230 2834 causam:
249 2775 389 2852 ‘scripsit'
402 2775 490 2852 inquit
505 2775 546 2832 ‘in
557 2774 679 2852 epistula
693 2774 821 2853 quadam,
838 2793 911 2853 quae
926 2775 1002 2856 apud
1015 2776 1141 2839 Domi-bi

103 2858 208 2915 tianum
230 2859 349 2920 recitata
372 2866 436 2936 est,
465 2857 627 2936 ‘Regulum
658 2860 783 2918 omnium
806 2858 943 2938 bipedum
966 2860 1111 2939 nequissi-

62 2947 93 2998 15
103 2945 205 3008 mus”;
230 2943 307 3018 quod
322 2942 437 3021 quidem
452 2941 601 3004 Modestus
614 2943 766 3003 verissime
781 2945 948 3022 scripserat.
976 2943 1032 3004 llic
1051 2945 1111 3005 iere

101 3023 185 3082 nobis
201 3028 340 3086 sermonis
352 3027 498 3087 terminus.
521 3023 623 3103 Neque
640 3027 714 3086 enim
731 3025 809 3087 volui
827 3027 967 3106 progredi
982 3027 1111 3107 longius,

101 3115 132 3165 ut
147 3106 216 3164 mihi
233 3111 325 3168 omnia
339 3107 430 3170 libera
445 3126 606 3188 servarem,
624 3109 688 3170 dum
703 3109 846 3173 llauricus
860 3113 950 3171 venit.
987 3110 1052 3173 Nec
1066 3129 1111 3172 me

101 3191 239 3268 praeterit
261 3210 328 3252 esse
348 3191 491 3271 Regulum
509 3189 789 3272 δυςκαθαίρετοντ
811 3204 857 3256 est
878 3197 955 3256 enim
974 3196 1141 3276 locuples&

101 3274 257 3352 factiosus,
278 3284 390 3337 curatur
407 3277 550 3352 amultis,
569 3277 684 3337 timetur
700 3296 716 3338 a
732 3278 881 3358 pluribus,
897 3279 975 3357 quod
987 3280 1112 3360 plemm-

102 3375 158 3435 que
175 3357 278 3420 lortius
295 3378 391 3421 amore
406 3370 461 3421 est.
483 3360 689 3421 Potesttamen
706 3363 767 3423 lieri
783 3373 814 3423 ut
825 3363 897 3423 haec
911 3381 1058 3427 concussa
1071 3364 1110 3425 la-

62 3451 92 3505 16
102 3442 210 3502 bantur.
233 3442 303 3503 Nam
318 3447 408 3523 gratia
422 3443 561 3503 malorum
576 3453 631 3502 tam
646 3445 728 3506 infida
746 3456 791 3506 est
806 3465 889 3526 mam
903 3448 972 3526 ipsi.
992 3450 1109 3528 Verum,
