2400 3840
419 208 685 270 ranucunrcus
701 219 728 273 a.
740 220 767 273 4.
779 163 815 274 εἷ
1044 212 1107 276 241

101 362 144 422 hc
162 380 197 422 ne
215 360 284 421 illud
302 361 415 440 quidem
429 378 534 421 vereor
548 380 585 421 ne
599 372 696 439 gratus
712 365 875 439 ingratusne
889 361 1003 441 videar,
1023 374 1109 443 prout

101 448 170 507 satis
190 455 238 505 aut
259 461 356 523 parum
377 444 485 504 dixero.
521 445 722 510 Animaduerto
742 447 816 506 enim
838 448 922 507 etiam
937 445 1008 507 deos
1027 450 1108 526 ipsos

101 548 158 591 non
171 539 227 589 tam
242 529 381 589 accuratis
397 527 571 588 adorantium
586 529 720 607 precibus
736 547 817 608 quam
828 532 988 591 innocentia
1001 541 1031 590 et
1043 551 1107 593 san·

102 617 199 673 ctitate
214 613 329 689 laetari,
346 612 557 691 gratioremque
571 615 723 673 existimari
740 615 787 691 qui
805 612 930 673 delubris
947 630 1044 674 eorum
1056 634 1107 694 pu·

75 700 159 757 5ram
181 705 342 774 castamque
357 703 482 754 mentem
505 713 587 774 quam
607 698 655 776 qui
669 696 831 756 meditatum
846 715 959 759 carmen
973 697 1107 758 intulerit.

101 780 160 840 Sed
180 780 335 858 parendum
352 789 397 840 est
417 788 532 839 senatus
550 780 700 858 consulto,
725 797 783 860 quo
800 799 838 840 ex
853 780 974 842 utilitate
991 778 1142 859 publicat

101 864 208 943 placuit
229 873 259 923 ut
280 863 406 924 consulis
428 879 502 922 voce
518 863 572 923 suh
587 865 670 924 titulo
685 867 836 942 gratiarum
852 865 1024 943 agendarum
1040 865 1108 924 boni

100 949 246 1027 principes
265 966 338 1026 quae
352 947 482 1007 facerent
494 947 758 1026 recognoscerent,
776 948 842 1008 maii
858 966 931 1027 quae
947 948 1044 1009 facere
1057 948 1106 1008 de·

101 1033 211 1093 herent.
245 1030 278 1091 ld
289 1049 363 1091 nunc
378 1049 415 1092 eo
429 1034 519 1109 magis
535 1030 674 1093 sollemne
691 1050 725 1093 ac
740 1035 935 1093 necessarium
952 1042 1013 1110 est,
1031 1031 1108 1110 quod

61 1124 93 1175 10
102 1133 205 1193 parens
218 1125 318 1176 noster
332 1117 456 1194 privatas
471 1117 621 1193 gratiarum
636 1118 764 1178 actiones
777 1117 892 1178 cohibet
903 1125 932 1176 et
947 1119 1105 1196 conprimit,

101 1202 310 1260 intercessurus
333 1202 417 1260 etiam
438 1199 579 1279 publicis,
604 1203 630 1260 si
650 1202 827 1279 permitteret
842 1201 896 1262 sibi
916 1207 1014 1261 vetare
1032 1199 1108 1278 quod

101 1291 215 1342 senatus
230 1283 352 1342 iuberet.
394 1282 568 1361 Utrumque,
592 1282 701 1343 Caesar
714 1283 863 1361 Auguste,
887 1282 1050 1360 moderate,
1075 1292 1105 1343 et

102 1365 179 1445 quod
198 1365 264 1426 alibi
286 1366 338 1425 tibi
359 1367 464 1442 gratias
484 1368 530 1442 agi
550 1383 607 1426 non
628 1368 697 1427 sinis
718 1375 747 1425 et
769 1366 845 1444 quod
865 1366 913 1425 hic
927 1368 1007 1429 sinis.
1041 1365 1106 1425 Non

101 1452 176 1510 enbn
191 1468 206 1509 a
222 1459 251 1508 te
266 1451 331 1528 ipso
345 1449 395 1508 tibi
409 1448 501 1508 honor
512 1451 568 1508 iste
583 1449 636 1509 sed
650 1449 685 1509 ab
700 1449 851 1526 agentibus
865 1448 995 1509 hahetur.
1018 1446 1105 1510 Cedis

60 1536 92 1588 15
102 1533 261 1594 adfectibus
274 1535 394 1610 nostris,
413 1551 469 1593 nec
482 1532 565 1593 uobis
581 1549 696 1592 munera
710 1541 757 1592 tua
769 1531 933 1610 praedicare
945 1531 996 1592 sed
1009 1533 1104 1592 audire

100 1616 150 1676 tibi
165 1634 290 1678 necesse
305 1626 359 1679 est.

164 1701 259 1779 Saepe
275 1717 333 1778 ego
348 1716 476 1778 mecum,
497 1708 593 1778 patres
610 1701 782 1779 conscripti,
806 1701 907 1761 tacitus
922 1701 1105 1786 agitariqua·

100 1785 158 1845 lcm
181 1794 371 1865 quantumque
392 1801 459 1844 esse
481 1792 629 1862 oporteret
651 1785 732 1843 cuius
754 1783 859 1844 ditione
880 1794 1006 1862 nutuque
1020 1786 1106 1845 maria

101 1878 195 1928 terrae
211 1887 268 1946 pax
287 1867 363 1928 bella
376 1875 561 1945 regerentur:
586 1885 650 1929 cum
663 1869 771 1929 interea
786 1866 902 1945 fingenti
917 1869 1105 1947 formantique

58 1961 92 2012 20
102 1952 168 2011 mihi
184 1954 341 2030 principem
363 1969 448 2031 quem
462 1960 581 2029 aequata
597 1950 651 2011 diis
666 1950 858 2010 inmortalibus
875 1961 1002 2029 potestas
1018 1951 1105 2011 dece·

100 2044 144 2096 rct
169 2052 318 2113 numquam
341 2043 409 2094 voto
438 2032 537 2094 saltem
562 2036 716 2112 concipere
738 2036 878 2096 succurrit
898 2034 1018 2094 similem
1039 2034 1105 2100 huic

101 2135 185 2198 quem
200 2117 337 2178 videmus.
368 2116 475 2179 Enituit
487 2117 589 2196 aliquis
600 2119 629 2176 in
644 2116 739 2195 bello,
756 2117 808 2179 sed
820 2117 965 2178 obsolevit
977 2119 1005 2176 in
1016 2134 1104 2196 pace:

99 2202 183 2263 alium
198 2211 281 2278 toga,
298 2200 351 2262 sed
364 2219 421 2261 non
437 2209 466 2262 et
481 2219 556 2261 arma
573 2201 771 2262 honestarunt:
786 2203 975 2261 reverentiam
984 2200 1034 2260 ille
1048 2209 1104 2260 ter·

99 2305 181 2363 rore,
210 2284 283 2346 alius
303 2303 427 2346 amorem
447 2284 603 2345 humilitate
624 2287 761 2364 captavit:
787 2284 837 2344 ille
857 2287 1014 2363 quaesitam
1030 2284 1104 2343 domi

57 2371 220 2448 {ingloriam
233 2371 260 2429 in
277 2370 413 2448 publico,
439 2368 486 2429 hic
500 2371 529 2428 in
544 2368 662 2448 publico
678 2378 784 2448 partam
799 2367 874 2428 domi
889 2367 1026 2447 perdidit:
1051 2385 1103 2447 po·

99 2463 206 2516 stremo
225 2453 317 2515 adhuc
332 2471 416 2515 nemo
432 2454 525 2513 extitit
542 2455 623 2513 cuius
637 2455 756 2514 virtutes
770 2451 849 2512 nullo
868 2453 1000 2513 vitiorum
1016 2451 1103 2512 conli-

99 2541 146 2599 nio
162 2538 351 2599 laederentur.
385 2539 424 2599 At
439 2537 561 2616 principi
577 2546 676 2598 nostro
691 2546 793 2616 quanta
808 2535 1104 2614 concordiaquantus-

100 2641 155 2700 que
177 2630 333 2683 concentus
349 2623 472 2683 omniurn
487 2620 600 2681 laudum
615 2623 763 2700 omnisque
776 2620 886 2698 gloriae
902 2618 1036 2697 contigit!
1068 2619 1103 2680 Ut

99 2704 169 2764 nihil
187 2707 333 2766 severitati
347 2709 410 2767 eius
424 2705 581 2782 hilaritate,
598 2704 667 2764 nihil
681 2707 810 2782 gravitati
821 2701 1019 2781 simplicitate,
1036 2699 1105 2760 nihil

57 2790 239 2858 30maiestati
252 2788 422 2850 humanitate
440 2787 606 2848 detrahitur!
642 2787 848 2861 Iamlirmitas,
869 2788 924 2845 iam
945 2785 1103 2861 proceritas

101 2873 248 2951 corporis,
264 2874 317 2931 iam
333 2871 425 2932 honor
439 2872 541 2947 capitis
556 2879 585 2930 et
600 2869 723 2946 dignitas
738 2871 817 2945 oris,
829 2869 865 2928 ad
879 2869 935 2928 hoc
949 2869 1047 2927 aetatis
1063 2869 1103 2926 in·

99 2956 212 3017 dellena
225 2956 367 3016 maturitas
382 2972 438 3016 nec
453 2955 514 3014 sine
531 2951 652 3031 quodam
667 2968 784 3012 munere
799 2951 884 3012 deum
900 2951 1040 3012 festinatis
1056 2969 1102 3010 se·

99 3041 222 3100 nectutis
242 3039 400 3116 insignibus
412 3035 455 3098 ad
470 3035 628 3114 augendam
642 3038 820 3097 maiestatem
836 3043 932 3096 ornata
948 3037 1101 3113 caesaries,

97 3135 192 3184 nonne
207 3121 294 3200 longe
310 3122 605 3202 lateque-principem
628 3117 790 3182 ostentanti
819 3118 915 3178 Talem
933 3137 999 3180 esse
1017 3126 1134 3196 opor-5

57 3218 89 3271 35
99 3211 151 3269 tuit
165 3225 249 3289 quem
263 3224 320 3266 non
334 3206 411 3268 helia
425 3205 519 3267 civilia
532 3223 588 3265 nec
602 3207 685 3266 armis
700 3220 841 3283 oppressa
855 3220 903 3264 res
921 3201 1035 3282 publica
1050 3200 1103 3262 sed

98 3311 153 3371 pau
169 3301 199 3352 et
212 3291 327 3370 adoptio
342 3300 372 3350 et
386 3290 497 3351 tandem
512 3297 628 3349 exorata
642 3289 728 3350 terris
743 3288 854 3347 numina
871 3285 1025 3348 dedissent.
1057 3284 1103 3345 An

97 3376 140 3437 ias
157 3385 217 3436 erat
233 3375 301 3435 nihil
317 3374 431 3435 differre
446 3377 520 3434 inter
530 3374 730 3452 imperatorem
742 3388 828 3451 quem
837 3369 965 3431 homines
977 3378 1007 3430 et
1018 3375 1102 3448 quem

99 3459 136 3518 dii
150 3456 309 3521 iecissent?
326 3477 444 3538 quorum
456 3454 569 3537 quidem
586 3459 674 3536 inte,
689 3453 796 3519 Caesar
812 3452 1122 3595 lqugqsgefxuhnlnm

135 3547 272 3602 Prranr.
