2400 3840
105 177 169 242 232
402 172 434 235 0.
457 173 554 237 l’blNl
574 172 623 234 ET
645 172 805 236 TRAlANl

106 339 173 411 post
187 328 308 389 edictum
324 345 428 405 meum,
443 345 501 406 quo
516 325 671 387 secundum
684 325 813 386 mandata
827 336 873 387 tua
888 326 1031 389 hetaerias
1044 346 1111 390 esse

80 422 261 479 8vctuerem.
284 409 349 484 Quo
371 413 460 489 magis
478 412 670 472 necessarium
686 408 794 469 credidi
810 428 847 470 ex
861 410 969 472 duabus
988 411 1110 491 aucillis,

108 514 181 576 quae
203 496 345 555 ministrae
365 494 547 571 dicebantur,
575 492 643 573 quid
664 502 744 553 esset
764 496 825 553 veri
845 502 875 553 ct
896 512 949 573 per
970 504 1110 556 tormenta

107 597 256 660 quaerere.
284 576 361 638 Nilril
380 577 456 638 aliud
476 578 570 637 inveni
589 594 674 655 quam
691 578 926 654 superstitionem
939 596 1053 657 pravam
1068 581 1109 638 in·

108 663 254 723 modicam.
275 661 345 722 ldeo
361 661 445 721 dilata
460 662 622 738 cognitione
639 658 674 720 ad
690 659 897 720 consulendum
907 670 937 722 te
950 663 1136 726 decucurrit

82 748 175 812 9Visa
196 754 241 807 est
261 746 334 805 enim
353 745 420 804 mibi
440 762 488 804 res
506 744 590 821 digna
606 740 828 820 consultatione,
854 745 974 805 maxime
991 757 1111 825 propter

108 830 327 911 periclitantium
343 846 498 889 numerum.
532 825 613 887 Multi
627 827 702 886 enim
717 828 807 887 omnis
822 830 939 906 aetatis,
960 831 1051 891 omnis
1066 847 1110 890 or·

108 915 198 991 dinis,
219 915 367 991 utriusque
382 930 469 973 sexus
486 912 586 988 etiam,
611 918 749 971 vocantur
762 910 791 969 in
807 911 967 989 periculum
981 921 1012 973 et
1025 930 1111 973 voca·

107 999 218 1058 buntur.
249 994 352 1072 Neque
374 996 504 1055 civitates
525 1003 629 1053 tantum
650 992 703 1054 scd
721 994 803 1054 vicos
825 995 909 1054 etiam
923 1005 1010 1074 atque
1025 1014 1110 1075 agros

107 1079 318 1157 superstitionis
337 1080 417 1139 istius
433 1080 565 1155 contagio
579 1084 733 1155 pervagata
747 1085 806 1146 est;
829 1095 903 1156 quae
919 1079 1031 1140 ridetur
1048 1082 1111 1141 sisti
1120 1091 1152 1141 10

67 1179 100 1231 ιο
108 1171 137 1222 et
157 1162 261 1238 corrigi
276 1176 376 1239 posse.
399 1159 486 1221 Certe
503 1161 571 1220 satis
587 1167 698 1220 constat
718 1176 808 1237 prope
827 1161 883 1220 iam
896 1161 1027 1225 desolata
1042 1171 1111 1224 tem-

108 1245 156 1325 pla
171 1246 306 1323 coepisse
322 1243 463 1305 celebrari
478 1253 507 1304 et
524 1260 605 1303 sacra
616 1240 765 1304 sollemnia
780 1243 826 1303 diu
840 1245 1001 1308 intermissa
1018 1250 1111 1325 repeti

108 1339 277 1409 pastumque
291 1329 390 1389 venire
410 1327 601 1403 victimarum,
625 1327 705 1387 cuius
719 1327 810 1387 adbuc
823 1329 984 1390 rarissimus
1000 1341 1111 1410 emptor

107 1412 313 1474 inveniebatur.
341 1410 387 1473 llx
402 1427 458 1492 quo
479 1410 563 1471 facilc
582 1417 627 1470 est
648 1411 756 1488 opinari
777 1429 849 1489 quae
872 1413 953 1472 turba
967 1412 1110 1474 hominum

108 1497 251 1558 emendari
265 1498 367 1575 possit,
384 1497 408 1557 si
425 1496 462 1557 sit
475 1493 663 1574 paenitentiae
678 1492 772 1554 locus.
1119 1501 1150 1554 15

462 1608 576 1671 xcvu.
598 1607 750 1687 [xcviii]
833 1668 837 1677 ,

438 1706 601 1758 TRAIANUS
619 1707 726 1758 PLINIO
744 1706 771 1762 S.

84 1815 98 1865 l
171 1796 274 1855 Actum
288 1811 373 1872 quem
388 1792 527 1872 debuisti,
550 1793 587 1852 mi
608 1790 758 1870 Secunde,
779 1794 807 1852 in
823 1794 1001 1853 excutiendis
1016 1797 1109 1855 causis

109 1896 207 1940 eorum
223 1877 271 1956 qui
292 1875 441 1937 Christiani
458 1877 494 1937 ad
512 1885 541 1937 te
562 1874 647 1937 delati
666 1875 776 1936 fuerant
796 1884 913 1938 secutus
936 1897 979 1939 es.
1006 1877 1109 1956 Neque

108 1965 181 2025 enim
200 1964 228 2022 iu
248 1963 411 2022 universum
429 1959 534 2039 aliquid
551 1959 627 2039 quod
647 1959 727 2037 quasi
748 1967 853 2020 certam
872 1958 992 2019 formam
1006 1960 1152 2022 habeat20

81 2048 240 2114 aconstitni
258 2054 363 2124 potest·
396 2042 587 2122 Conquirendi
606 2059 663 2102 non
683 2051 761 2102 suut:
788 2043 813 2103 si
831 2042 995 2104 deferantur
1015 2054 1045 2105 et
1066 2063 1111 2104 ar·

108 2140 243 2212 guantur,
265 2128 400 2208 puniendi
417 2137 499 2206 sunt,
523 2130 560 2187 ita
579 2135 672 2187 tamen
693 2134 723 2186 ut
747 2128 794 2204 qui
815 2129 963 2204 negaverit
979 2147 1012 2189 se
1030 2126 1110 2190 Chri·

108 2217 227 2275 stianum
241 2231 308 2274 esse
323 2213 409 2291 idque
422 2230 456 2272 rc
469 2213 532 2288 ipsa
547 2209 725 2269 manifestum
742 2209 861 2288 lecerit,
884 2209 912 2269 id
934 2220 980 2272 est
1001 2211 1109 2290 suppli·

108 2299 198 2358 cando
212 2298 264 2358 diis
275 2298 391 2373 nostris,
402 2295 528 2374 quamvis
539 2302 690 2372 suspectus
703 2293 731 2351 iu
744 2296 937 2372 praeteritum,
949 2297 1061 2355 veniam
1073 2313 1110 2354 ex

107 2382 279 2458 paenitentia
289 2382 421 2458 inpetrat.
438 2378 506 2438 Sine
519 2386 635 2439 auctore
647 2392 718 2435 vero
730 2378 871 2455 propositi
882 2376 973 2438 libelli
984 2380 1016 2439 in
1028 2377 1108 2438 nullo
1116 2385 1150 2437 25

108 2464 223 2522 crimine
235 2461 329 2519 locum
341 2461 447 2522 babere
460 2461 575 2521 debent.
596 2458 667 2519 Nam
682 2469 711 2519 et
726 2461 843 2537 pessimi
856 2461 981 2540 exempli
991 2481 1048 2523 nec
1058 2479 1109 2522 no·

107 2546 158 2607 stri
171 2542 278 2605 saeculi
290 2551 345 2603 est.

447 2640 577 2702 xcvm.
599 2640 764 2720 protum]

326 2740 352 2791 (l.
372 2741 496 2793 PLINIUS
516 2742 659 2794 TRAIANO
681 2740 890 2793 IMPERATORI.

82 2838 99 2890 1
171 2827 409 2887 Amastrianomm
427 2825 542 2904 civitas,
564 2827 692 2905 domine,
717 2834 746 2887 ot
763 2826 881 2904 elegans
904 2834 934 2886 et
949 2835 1045 2886 ornata
1060 2825 1150 2892 baso

108 2910 157 2970 bct
171 2913 246 2971 inter
259 2912 413 2992 praecipua
433 2926 521 2988 opera
540 2909 757 2988 pulcherrimam
777 2909 953 2988 eandemque
975 2909 1108 2987 longissi-

107 3008 181 3050 mam
197 2993 333 3072 plateam;
357 2997 438 3054 cuius
452 3013 468 3055 a
483 2993 573 3055 latere
587 3011 641 3072 per
655 2995 777 3071 spatium
791 3009 874 3053 omne
888 2995 1044 3073 porrigitur
1058 3011 1107 3052 no·

107 3072 182 3132 mine
200 3076 311 3152 quidem
331 3076 452 3154 damen,
474 3094 507 3137 rc
527 3093 595 3136 vera
612 3074 712 3136 cloaca
727 3074 893 3138 foedissima
911 3078 1036 3138 ao-sicnt
1051 3086 1108 3138 tur·

79 3155 152 3235 apis
166 3155 378 3221 inmundissime
395 3169 516 3239 aspectu
536 3160 574 3219 ita
588 3157 728 3236 pestilens
744 3158 834 3218 odore
850 3161 1008 3221 teterrimo.
1038 3160 1106 3234 Qni-

107 3240 161 3299 bus
183 3256 220 3299 ex
240 3243 333 3303 causis
352 3261 409 3304 non
428 3245 518 3303 minus
540 3239 711 3304 salubritatis
737 3259 819 3321 quam
845 3242 960 3304 decoris
988 3245 1108 3306 interest
1116 3252 1151 3305 35

106 3337 170 3380 eam
184 3325 314 3402 contegi:
329 3326 405 3404 quod
421 3328 480 3405 liet,
492 3328 517 3388 si
528 3323 693 3404 permiseris
708 3325 869 3385 curantibus
884 3326 967 3387 uobis
984 3346 1022 3389 ne
1034 3326 1109 3390 desit

105 3416 222 3480 quoque
237 3408 358 3487 pecunia
371 3412 519 3488 operirem
536 3423 637 3488 magno
654 3424 736 3485 quam
750 3411 927 3470 necessario.
