2400 3840
322 201 586 265 EPISTULARUM
600 203 692 266 VIIII.
713 215 757 270 34.
771 217 817 270 35.
834 217 877 272 36.
1052 211 1113 274 195

103 364 235 434 tempore
253 358 499 450 occupatissimus.
538 356 607 418 ldeo
622 356 745 417 nondum
760 376 823 418 eum
834 360 910 440 legi,
931 380 993 422 cnm
1009 363 1114 444 alioqui

102 439 279 501 validissime
307 443 432 519 cupiam:
451 441 514 502 -sed
540 458 602 501 eam
621 444 812 504 reverentiam
835 462 898 504 cum
918 445 1021 508 litteris
1043 449 1114 527 ipsis

102 534 162 586 tum
182 524 299 603 scriptis
321 527 376 584 tuis
398 523 492 586 debeo
514 535 545 586 ut
559 542 673 585 sumere
694 525 743 586 illa
756 527 811 587 nisi
825 546 917 589 vacuo
933 532 1025 592 animo
1040 533 1114 593 inre·

103 608 238 686 ligiosnm
258 615 364 686 putem.
403 607 587 687 Diligentiam
612 620 687 670 tuam
712 611 742 668 in
765 612 950 674 retractandis
978 617 1141 694 operibusn

77 691 186 753 ovalde
205 692 308 771 probo.
340 692 394 752 Est
414 703 508 753 tamen
522 692 626 772 aliquis
638 692 756 773 modus,
778 697 913 774 primum,
940 697 1016 776 quod
1030 701 1115 761 nimia

103 794 170 837 cura
188 775 292 836 deterit
308 779 399 854 magis
415 795 497 856 qnam
512 776 657 846 emendam
679 776 798 857 deinde,
822 780 898 859 qnod
913 799 966 842 nos
982 800 999 842 a
1012 801 1113 843 recen·

100 859 222 920 tioribns
239 870 361 921 revocat
376 862 518 940 simulque
538 879 593 921 nec
613 860 738 921 absolvit
758 864 853 942 priora
868 875 897 925 et
911 865 1046 927 inchoare
1061 884 1113 946 po-

100 945 223 1006 steriora
237 959 294 1004 non
308 946 426 1024 patitur.
462 944 544 1005 Vale.

61 1120 92 1172 10
551 1077 681 1140 xxxvi.

400 1174 427 1228 0.
447 1174 572 1226 PLINIUS
590 1174 690 1227 FUSGO
710 1175 769 1228 SUO
789 1176 816 1230 S.

168 1275 288 1350 Quaeris
311 1276 546 1356 quemadmodum
564 1279 593 1337 in
612 1275 713 1341 l'nscis
735 1279 809 1339 diem
829 1288 939 1341 aestate
959 1280 1141 1361 disponaml

101 1360 221 1439 Evigilo
241 1378 304 1420 cum
323 1359 422 1438 libuit,
447 1360 616 1440 plerumque
639 1363 715 1423 circa
740 1362 838 1423 horam
862 1365 995 1442 primam,
1024 1383 1114 1444 saepe

100 1455 181 1524 ante,
200 1444 305 1505 tardIns
321 1462 401 1505 raro:
418 1443 533 1506 clausae
548 1444 693 1506 fenestrae
708 1455 829 1506 manent.
850 1445 923 1506 blire
940 1450 1013 1507 enim
1029 1449 1140 1515 silea-a
1192 1521 1193 1525 Ἰ

61 1531 141 1592 lotio
158 1538 188 1590 et
205 1529 332 1592 tenebris
349 1529 385 1588 ab
400 1529 435 1589 iis
456 1546 529 1608 qnae
547 1536 668 1590 avocant
687 1529 842 1606 abductus,
867 1539 896 1590 et
915 1529 988 1590 liber
1005 1532 1115 1592 etmihi

100 1613 240 1692 relictus,
256 1631 313 1674 non
326 1613 428 1674 oculos
446 1615 538 1673 animo
558 1611 611 1672 sed
625 1615 745 1673 animum
760 1613 852 1674 oculis
865 1632 988 1693 sequor,
1005 1617 1053 1695 qni
1065 1633 1114 1677 ea-

101 1698 169 1759 dem
184 1715 257 1776 quae
271 1715 352 1758 mens
367 1695 480 1774 vident,
507 1697 639 1776 quotiens
661 1714 719 1758 non
738 1696 835 1758 vident
854 1696 917 1758 alia.
948 1695 1072 1778 Cogito,
1090 1701 1114 1761 si

102 1781 172 1862 quid
186 1783 215 1842 in
229 1781 373 1858 manibus,
394 1782 490 1859 cogito
505 1780 673 1841 adverbum
687 1783 824 1842 scribenti
842 1782 1059 1863 emendantique
1077 1784 1114 1844 si·

101 1866 188 1944 milis,
205 1883 281 1926 nnnc
296 1865 431 1944 pauciora
444 1883 519 1925 nnnc
533 1863 624 1944 plura,
642 1875 672 1925 nt
686 1865 734 1926 vel
746 1865 863 1926 diflicile
873 1864 921 1926 vel
936 1866 1024 1927 facile
1038 1884 1114 1928 com·

59 1964 93 2018 bo
104 1952 172 2029 poni
188 1951 318 2010 tenerive
341 1957 503 2029 potuerunt.
538 1945 685 2008 Notarium
700 1966 776 2009 voco
793 1958 822 2008 et
839 1949 884 2009 die
900 1947 1023 2012 admisso
1040 1968 1114 2030 qnae

101 2035 290 2094 formaveram
305 2031 397 2093 dicto:
419 2033 477 2093 abit
492 2050 650 2111 rursusque
664 2042 816 2094 revocatur
830 2050 986 2111 rursusque
1002 2034 1113 2093 dimitti-

100 2129 154 2180 tur.
171 2116 233 2178 'Ubi
256 2117 328 2177 bora
352 2125 449 2195 quarta
470 2115 519 2175 vel
542 2117 636 2194 quinta
658 2116 858 2196 (nequeenim
878 2125 986 2176 certum
1007 2116 1139 2183 dimon-3

100 2220 221 2282 sumque
237 2199 381 2280 tempus),
398 2210 429 2260 nt
443 2199 504 2261 dies
519 2202 624 2277 suasit,
646 2200 675 2259 in
689 2209 804 2276 xystum
817 2218 864 2261 me
879 2199 927 2259 vel
943 2210 1114 2280 cryptopor-

99 2289 188 2349 ticum
203 2285 341 2363 conlero,
365 2283 475 2365 reliqua
490 2283 610 2344 meditor
627 2291 656 2345 et
672 2284 757 2346 dicto.
790 2282 961 2345 Vehiculum
977 2282 1112 2344 ascendo.

59 2370 144 2437 aolbi
159 2387 275 2450 qnoque
288 2368 364 2429 idem
381 2368 458 2448 qnod
473 2367 619 2429 ambulans
629 2377 677 2429 aut
688 2371 796 2429 iacens.
818 2368 908 2429 Durat
923 2370 1042 2429 intentio
1054 2385 1113 2428 mn-

100 2457 208 2517 tatione
223 2457 287 2535 ipsa
303 2453 430 2514 relecta:
453 2451 569 2532 paulum
582 2451 734 2530 redormio,
752 2452 817 2513 dein
828 2451 954 2531 ambulo,
969 2470 1037 2513 mox
1052 2471 1113 2513 ora·

99 2541 209 2600 donem
231 2535 369 2599 Graecam
393 2537 554 2598 Latinamve
576 2535 654 2598 clare
676 2539 852 2615 elimenta,
877 2554 933 2597 non
954 2545 1010 2597 tam
1031 2538 1112 2598 vocis

101 2642 189 2685 cansa
203 2640 286 2702 mam
301 2620 440 2682 stomachi
455 2620 539 2700 lego:
556 2624 663 2699 pariter
673 2631 767 2682 tamen
781 2633 811 2683 et
825 2620 874 2681 illa
893 2622 1025 2681 firmatur.
1056 2617 1112 2680 lte·

99 2726 162 2768 rum
176 2705 306 2783 ambulo,
329 2722 437 2784 ungor,
463 2723 621 2784 exerceor,
643 2706 731 2766 lavor.
768 2703 886 2766 Cenanti
899 2705 982 2780 mihi,
1006 2705 1031 2762 si
1049 2716 1139 2769 cnm4

59 2803 195 2858 bcuxore
210 2789 259 2851 vel
275 2791 385 2870 paucis,
401 2788 476 2850 liber
491 2790 609 2868 legitur:
624 2800 691 2869 post
707 2806 805 2849 cenam
816 2785 972 2849 comoedus
984 2795 1031 2846 ant
1046 2784 1112 2860 lyri-

101 2886 177 2939 stes:
198 2893 267 2937 mox
289 2892 353 2936 cnm
366 2876 438 2934 meis
454 2873 588 2951 ambulo,
612 2888 731 2951 quornm
745 2874 773 2931 in
787 2887 903 2931 nnmcro
919 2879 985 2930 sunt
1000 2867 1111 2928 emditi.

100 2961 144 3023 Ita
157 2961 245 3022 variis
260 2958 440 3020 sermonibus
452 2974 575 3036 vespera
589 2954 760 3032 extenditur,
776 2964 805 3015 et
820 2970 986 3034 quamquam
1004 2950 1112 3030 longis·

101 3046 193 3106 simus
215 3043 277 3106 dies
300 3044 357 3105 cito
373 3041 511 3103 conditur.
544 3039 610 3101 Non
623 3056 772 3119 numquam
784 3057 821 3100 ex
835 3039 893 3099 hoc
905 3036 1003 3098 ordine
1019 3036 1137 3116 aliquas

101 3137 252 3191 mutantur.
271 3124 343 3188 Nam
358 3128 383 3188 si
399 3126 446 3186 diu
460 3127 534 3186 iacui
547 3123 596 3186 vel
610 3124 761 3202 ambulavi,
777 3132 844 3203 post
859 3139 987 3183 somnum
1000 3121 1112 3182 demum

61 3221 92 3277 35
101 3213 317 3290 lectionemque
333 3229 390 3271 non
404 3210 538 3270 vehiculo
554 3209 623 3285 sed,
647 3207 723 3289 qnod
737 3208 871 3285 brevius,
889 3209 955 3286 quia
967 3205 1110 3280 velocius,

103 3315 180 3377 equo
201 3304 312 3375 gestor.
345 3294 538 3355 Interveniunt
560 3294 643 3354 amici
658 3312 695 3353 en
709 3293 845 3371 proximis
860 3292 974 3370 oppidis
990 3297 1111 3369 partem-

103 3401 160 3461 que
178 3379 235 3442 diei
250 3378 285 3441 ad
300 3398 332 3442 se
348 3378 460 3440 trahunt
474 3378 670 3456 interdumque
682 3375 760 3437 lasso
775 3376 842 3435 mihi
858 3385 1016 3455 opportuna
1026 3373 1110 3431 inter·

102 3465 260 3546 pellatlone
272 3463 451 3524 subveniunt.
478 3462 577 3526 Venor
590 3460 758 3540 aliquando,
782 3459 833 3519 sed
847 3460 982 3604 noq3sqne
992 3453 1138 3538 pugillo-6
