2400 3840
387 209 811 277 PANEGYRIGUSM.45.46.
1037 213 1099 276 265

97 380 214 439 somno,
237 361 404 440 frugalitatis
420 362 547 423 luxuriae
564 381 677 424 merces
692 363 787 440 datur,
812 364 912 425 eadem
926 366 981 426 ista
997 365 1099 444 quibus

97 447 170 507 alios
181 446 288 507 artibus
299 445 452 506 adsecutos
463 446 561 506 vident
572 455 786 508 consectantur:
800 448 957 527 qualesque
971 458 1036 510 sunt
1046 447 1098 526 illi,

98 531 171 590 tales
187 547 254 590 esse
270 539 300 590 et
313 528 404 589 videri
418 529 536 606 volunt,
559 539 589 590 et
603 530 669 591 dum
681 529 797 610 volunt,
820 532 896 592 liunt.
933 531 971 592 Et
985 534 1097 612 priores
1108 533 1149 594 45

99 614 213 693 quidem
230 615 391 693 principes,
415 622 540 690 excepto
556 622 636 693 patre
649 623 716 690 tuo,
733 624 883 693 praeterea
897 632 953 674 uno
968 625 1015 676 aut
1030 615 1100 676 alte·

77 709 150 775 iro,
175 707 205 758 et
225 698 306 756 nimis
327 697 399 773 dixi,
426 699 502 758 uitiis
523 699 619 776 potius
635 699 737 757 civium
751 715 834 776 quam
848 699 998 758 virtutibus
1013 699 1099 760 laeta·

97 783 212 841 bantur:
233 782 367 860 primum,
384 780 461 860 quod
476 783 504 840 iu
518 780 574 840 alio
589 799 640 842 sua
654 799 796 860 quemque
810 791 908 848 natura
922 781 1046 842 delectat

98 865 221 942 denique
236 864 313 943 quod
328 866 512 943 patientiores
527 865 670 925 servitutis
685 865 887 925 arbitrabantur
898 882 971 944 quos
983 882 1039 924 non
1051 864 1101 924 de·

99 956 179 1007 cenet
196 966 262 1009 esse
281 950 335 1009 nisi
355 965 465 1010 servos.
503 947 609 1007 llomm
629 950 656 1008 in
677 952 767 1010 sinum
789 951 879 1009 omnia
895 948 1098 1026 congerebant,

98 1033 191 1092 bonos
210 1041 303 1092 autem
319 1033 377 1092 otio
392 1050 427 1093 ac
441 1035 497 1092 situ
513 1033 660 1093 abstrusos
677 1042 707 1093 et
726 1035 807 1112 quasi
828 1031 959 1111 sepultos
976 1033 1099 1092 nonnisi

60 1113 287 1177 todelationibus
303 1125 332 1176 et
342 1116 479 1195 periculis
494 1118 521 1175 in
532 1116 753 1177 lucemacdiem
764 1116 957 1195 proferebant.
979 1115 1022 1175 'l'u
1033 1118 1099 1176 ami-

43 1221 45 1224 *
100 1215 152 1259 cos
168 1216 205 1257 ex
220 1201 332 1277 optimis
347 1198 438 1276 legis;
454 1209 484 1260 et
497 1199 623 1261 Hercule
637 1218 760 1280 aequum
775 1210 820 1261 est
837 1219 904 1262 esse
920 1218 972 1261 eos
988 1201 1100 1261 carissi·

98 1298 160 1339 mos
176 1282 251 1340 bono
266 1284 388 1359 principi
402 1284 450 1361 qui
460 1285 542 1342 innisi
553 1283 626 1343 malo
640 1283 752 1344 fuerint.
775 1285 851 1362 Seis,
868 1294 898 1343 ut
912 1293 977 1343 sunt
988 1283 1100 1343 diversa

99 1373 197 1424 natura
219 1363 368 1424 dominatio
386 1374 415 1424 et
429 1367 621 1443 principatus,
646 1369 683 1426 ite
702 1385 758 1426 non
773 1366 835 1425 aliis
858 1384 924 1427 esse
941 1367 1099 1442 principem

100 1449 253 1525 gratiorem
277 1464 360 1526 quam
379 1450 428 1525 qui
449 1449 569 1507 maxime
592 1448 732 1508 dominum
752 1458 913 1526 graventur.
947 1448 1007 1509 llos
1029 1465 1099 1525 ergo

59 1544 91 1594 15
101 1531 236 1609 provehis
257 1541 287 1592 et
308 1539 434 1592 ostentas
456 1534 536 1610 quasi
556 1534 704 1608 specimen
724 1542 752 1592 et
773 1531 935 1610 exemplar,
962 1550 1036 1610 quae
1049 1530 1100 1591 tibi

100 1625 181 1676 secta
195 1616 280 1692 vitae,
297 1614 373 1694 quod
387 1615 528 1675 hominum
541 1633 633 1693 genus
648 1616 774 1695 placeat;
799 1625 829 1676 et
842 1615 908 1676 ideo
924 1632 980 1675 nou
998 1633 1101 1675 censu·

99 1716 158 1757 rem
175 1697 283 1776 adhuc,
311 1717 367 1759 non
383 1699 591 1779 praefecturam
605 1717 714 1759 morum
728 1701 881 1779 recepisti,
906 1700 970 1778 quia
984 1700 1035 1759 tibi
1051 1700 1100 1759 be-

99 1783 210 1843 neficiis
224 1785 318 1861 potius
331 1800 413 1862 quam
424 1783 556 1844 remediis
570 1785 683 1862 ingenia
696 1793 792 1844 nostra
802 1786 925 1864 experiri
936 1783 1039 1862 placet.
1062 1781 1101 1842 Et

99 1865 205 1945 alioqui
225 1868 324 1928 nescio
347 1886 381 1928 an
399 1867 465 1947 plus
486 1869 611 1929 moribus
635 1868 764 1928 conferat
784 1869 918 1947 princeps
939 1868 986 1945 qui
1009 1867 1100 1926 bonos

58 1953 168 2010 ioesse
186 1952 290 2027 patitur
311 1968 392 2030 quam
406 1953 454 2029 qui
474 1952 562 2028 cogit.
602 1951 757 2012 Flexibiles
773 1968 977 2030 quamcumque
994 1952 1022 2008 in
1038 1967 1100 2026 par-

100 2042 157 2092 tem
172 2032 327 2094 ducimura
343 2036 472 2113 principe
485 2044 588 2113 atque,
612 2045 643 2096 ut
657 2037 695 2095 ita
709 2035 815 2112 dicam,
841 2051 982 2111 sequaces
995 2048 1099 2091 sumus.

100 2115 173 2176 Huic
185 2118 260 2176 enim
274 2118 348 2195 cari,
363 2117 428 2177 huic
443 2118 554 2196 probati
572 2136 637 2180 esse
655 2120 801 2198 cupimus,
824 2117 901 2196 quod
915 2116 1019 2177 frustra
1034 2133 1100 2192 spe·

99 2201 223 2260 raverint
244 2200 409 2269 dissimilem
436 2218 530 2279 eoque
551 2202 680 2280 obsequii
695 2202 903 2261 continuatione
919 2201 1100 2279 pervenimus

99 2293 131 2342 ut
149 2300 242 2362 prope
265 2300 364 2345 omnes
386 2284 514 2344 homines
531 2287 614 2345 unius
628 2287 753 2346 moribus
770 2287 906 2345 vivamus.
940 2282 1028 2342 Porro
1043 2300 1100 2341 non

58 2371 156 2426 uitam
176 2369 290 2428 sinistre
312 2370 493 2430 constitutum
507 2378 552 2429 est
571 2378 621 2447 ut,
645 2371 693 2449 qui
708 2368 809 2428 melum
825 2369 983 2447 principem
998 2383 1099 2445 possu-
1117 2366 1159 2427 A·

100 2469 178 2528 mus,
200 2452 305 2511 bonum
318 2469 375 2512 non
392 2453 534 2531 possimus
550 2453 660 2513 imitari.
694 2452 786 2530 Perge
806 2451 906 2528 modo,
927 2447 1048 2525 Caesar,
1071 2457 1101 2509 et

100 2537 155 2593 vim
167 2536 360 2614 effectumque
376 2554 515 2596 censurae
527 2546 604 2596 tuum
617 2538 811 2616 propositum,
838 2537 878 2594 tui
895 2545 975 2594 actus
991 2533 1100 2592 obtine·

101 2617 178 2676 bunt.
197 2617 267 2679 Nam
282 2622 339 2680 uita
353 2621 488 2700 principis
504 2638 625 2682 censura
639 2630 684 2681 est
700 2638 791 2697 eaque
806 2626 960 2698 perpetua:
977 2616 1012 2676 ad
1028 2616 1100 2676 hanc

101 2699 261 2779 dirigimur,
288 2702 410 2765 adhaec
427 2706 633 2780 convertimur,
654 2721 708 2764 nec
725 2713 780 2764 tam
795 2704 913 2779 imperio
929 2701 1012 2761 nobis
1029 2715 1101 2776 opus

57 2789 145 2845 3oest
161 2792 242 2862 quam
259 2786 400 2864 exemplo.
439 2787 553 2865 Quippe
567 2786 688 2847 infidelis
702 2788 776 2846 recti
789 2787 926 2862 magister
941 2791 986 2842 est
999 2791 1101 2841 metus.

99 2866 203 2928 Melius
225 2868 353 2927 homines
369 2869 508 2947 exemplis
525 2869 681 2946 docentur,
697 2886 769 2947 quae
785 2870 813 2927 in
829 2868 927 2947 primis
947 2865 1004 2925 hoc
1023 2867 1051 2924 in
1068 2883 1101 2924 se

100 2951 168 3009 boni
183 2951 303 3029 habent,
320 2951 397 3029 quod
415 2952 571 3030 adprobant
589 2970 663 3031 quae
677 2952 855 3029 praecipiunt
869 2951 930 3010 lieri
944 2967 1041 3028 posse.
1062 2946 1100 3007 m
1112 2943 1152 3006 46

101 3036 164 3113 quis
181 3042 273 3093 terror
289 3035 426 3096 ualuisset
439 3035 557 3096 eiiicere
574 3035 650 3113 quod
666 3037 826 3096 reverentia
841 3036 882 3095 tui
897 3028 1015 3094 effecit?
1044 3031 1101 3093 Ob·

99 3118 182 3178 tinuit
196 3115 296 3195 aliquis
312 3128 343 3178 ut
360 3118 556 3198 spectaculum
570 3121 803 3199 pantomimorum
818 3117 942 3198 populus
957 3116 1102 3177 Romanus

56 3211 91 3264 35
100 3199 164 3261 tolli
179 3209 342 3279 pateretur,
358 3198 410 3264 sed
425 3220 482 3263 non
498 3202 617 3262 obtinuit
632 3212 663 3263 ut
675 3202 774 3263 vellet.
795 3201 923 3280 Rogatus
939 3219 971 3262 es
984 3209 1013 3261 tu
1025 3197 1101 3277 quod

100 3285 224 3362 cogebat
236 3282 323 3362 alius,
340 3289 496 3366 coepitque
510 3304 576 3347 esse
590 3287 759 3348 beneficium
774 3287 850 3366 quod
862 3286 1022 3347 necessitas
1037 3281 1101 3340 fue·

98 3377 149 3427 rat.
172 3366 275 3446 Neque
288 3369 362 3428 enim
376 3387 391 3429 a
407 3379 437 3430 te
453 3372 563 3431 minore
578 3379 720 3431 concentu
731 3379 762 3429 ut
776 3370 897 3432 tolleres
912 3366 1101 3449 pantomimos

99 3468 211 3530 quama
229 3461 308 3531 patre
328 3462 378 3513 tuo
392 3462 423 3513 ut
436 3454 601 3515 restitueret
612 3463 742 3515 exactum
757 3463 812 3516 est.
834 3453 989 3530 Utrumque
1003 3457 1101 3509 recte·
