2400 3848
111 193 172 258 192
535 189 569 252 0.
591 189 689 252 PLlNl

111 344 237 423 signiter.
258 342 342 417 Quod
354 344 466 403 intuens
480 360 536 420 ego
547 345 632 403 variis
645 360 690 401 me
699 341 856 404 studiorum
870 343 1040 420 generibus,
1054 338 1117 404 nulli

84 430 180 496 osatis
197 428 332 503 conlisus,
349 429 491 506 experior.
521 425 642 487 Proinde
659 445 722 486 cum
737 426 793 486 hoc
808 425 857 486 vel
872 426 943 486 illud
960 428 1062 505 leges,
1084 429 1118 488 ita

111 509 230 587 siugulis
251 513 361 571 veniam
381 519 411 570 ut
431 529 487 571 non
507 510 626 588 singulis
642 509 730 569 dabis.
760 509 806 570 An
822 511 931 571 ceteris
946 511 1055 572 artibus
1071 530 1117 571 ex·

112 596 220 655 cusatio
235 596 406 672 innumero,
422 595 524 655 litteris
540 593 636 655 durior
650 593 709 670 lex,
724 596 754 653 in
769 594 873 672 quibus
890 594 1035 655 difficilior
1050 595 1116 655 ede-

111 689 174 739 ctus
196 676 260 738 est?
288 678 362 753 Quid
382 687 475 739 antem
495 695 551 755 ego
571 677 607 738 de
628 679 710 737 venia
732 678 813 756 quasi
833 676 983 754 ingratus?
1010 677 1081 738 Nam
1094 679 1137 754 si5

111 781 145 823 ea
166 761 301 823 facilitate
323 765 450 842 proxima
468 764 619 840 acceperis
641 779 695 840 qua
715 763 826 840 priora,
850 760 913 822 laus
935 763 1033 841 potius
1054 780 1115 841 spe·

110 846 195 906 randa
216 865 298 925 quam
317 849 400 908 venia
422 845 598 907 obsecranda
618 854 672 907 est.
705 843 773 904 Mihi
795 854 890 905 tamen
904 848 989 906 venia
1003 846 1113 907 sullicit.

109 930 189 992 Vale.

569 1061 658 1122 XXX.

391 1161 418 1214 o.
438 1159 563 1212 iuturus
583 1161 705 1212 ounruo
725 1160 831 1215 suos,

87 1281 100 1333 1
171 1263 279 1325 Laudas
299 1264 366 1323 mihi
387 1272 416 1323 st
436 1264 603 1344 frequenter
623 1282 761 1342 praesens
777 1273 806 1326 et
820 1283 896 1325 nunc
910 1283 966 1345 per
980 1265 1116 1343 epistulas

111 1347 233 1409 Nonium
255 1358 350 1426 tuum,
373 1347 449 1427 quod
471 1351 508 1408 sit
529 1347 655 1408 liberalis
678 1349 706 1408 in
722 1348 873 1427 quosdam:
897 1358 927 1410 et
942 1351 1008 1427 ipse
1023 1349 1115 1426 laudo,

111 1435 135 1495 si
150 1443 243 1494 tamen
259 1450 315 1493 non
329 1434 358 1492 in
372 1434 425 1493 hos
441 1432 532 1494 solos.
554 1432 629 1493 Volo
644 1433 718 1492 enirn
735 1450 800 1492 eum
815 1435 863 1512 qui
878 1433 916 1493 sit
929 1452 1001 1495 vere
1015 1433 1117 1494 liberu-

110 1517 146 1578 lis
163 1518 286 1579 tribuere
300 1519 425 1594 patriae,
441 1518 626 1596 propinquis,
641 1515 796 1593 adfinibus,
812 1518 928 1594 amicis,
951 1516 1005 1579 sed
1022 1519 1116 1579 amieis
1127 1524 1151 1577 u

112 1599 177 1662 dico
192 1601 383 1689 pauperibqs,
400 1617 456 1660 uon
472 1609 502 1660 ut
517 1602 563 1660 isti
580 1601 627 1680 qui
642 1600 676 1659 iis
691 1601 868 1679 potissimum
882 1600 988 1662 donant
1003 1603 1053 1680 qui
1070 1601 1117 1662 dc·

86 1698 179 1749 unare
195 1685 313 1743 maxime
325 1691 454 1762 possunt.
482 1683 542 1743 llos
558 1701 614 1761 ego
630 1685 746 1744 viscatis
762 1683 938 1765 hamatisque
954 1687 1117 1746 muneribus

112 1782 169 1825 non
189 1784 240 1826 sua
258 1782 390 1843 promere
410 1774 480 1845 puto
496 1767 548 1827 sed
564 1766 654 1827 aliena
670 1769 827 1845 corripere.
863 1767 935 1830 Sunt
949 1770 1067 1847 ingenio
1081 1772 1116 1830 si·

112 1848 170 1908 mili
186 1849 233 1927 qui
249 1847 325 1927 quod
343 1849 409 1908 huic
424 1849 528 1910 donant
548 1850 678 1911 auferunt
700 1851 740 1912 illi
761 1851 920 1931 famamque
939 1853 1116 1915 liberalitatis

86 1934 226 1998 amaritia
244 1942 352 2010 petunt.
384 1932 505 1993 Primum
520 1943 565 1995 est
580 1944 674 1995 autem
688 1952 740 1995 suo
757 1953 823 1997 esse
840 1938 1152 2016 contentum„dein-to

112 2016 166 2095 de,
189 2034 262 2096 quos
281 2019 438 2096 praecipue
460 2019 535 2079 scias
550 2018 679 2096 indigere
695 2028 899 2080 sustentantem
914 2020 1116 2101 foventemque

113 2101 185 2162 orbe
203 2101 324 2181 quodam
344 2104 489 2164 societatis
505 2103 620 2162 ambire.
652 2101 732 2176 Quae
745 2112 847 2165 cuncta
861 2104 886 2163 si
905 2105 975 2167 iacit
988 2109 1056 2184 iste,
1072 2124 1116 2166 us-

113 2204 283 2265 quequaque
299 2185 452 2247 laudandus
469 2196 527 2257 est;
543 2189 567 2246 si
579 2204 663 2246 unum
679 2185 795 2267 aliquid,
812 2189 904 2248 minus
919 2188 1045 2268 quidem,
1060 2189 1117 2250 lau·

86 2268 218 2332 claudus
235 2279 336 2329 tamen.
369 2269 435 2329 Tam
457 2288 551 2330 rarum
571 2279 616 2331 est
638 2272 721 2331 etiarn
742 2271 920 2349 inperfectae
941 2271 1116 2334 liberalitatis

113 2352 268 2429 exemplar.
290 2351 333 2412 Ea
349 2353 451 2414 invasit
465 2353 593 2415 homines
608 2353 729 2414 habendi
747 2354 849 2432 cupido
865 2365 895 2416 ut
906 2356 1051 2435 possideri
1062 2361 1153 2418 mat-tt

112 2435 158 2511 gis
173 2452 255 2512 quam
268 2434 418 2512 possidere
430 2435 585 2497 videantur.
618 2437 698 2498 Vale.
1128 2473 1130 2476 ·

560 2568 665 2628 xxxi.

401 2665 427 2715 C.
446 2666 573 2718 PLINIUS
587 2668 698 2725 ,SARDO
718 2669 778 2722 SUO
794 2667 819 2719 S.

89 2781 103 2830 1
178 2769 330 2848 Postquam
350 2787 366 2830 a
387 2779 417 2831 te
437 2772 564 2849 recessi,
591 2789 649 2833 non
668 2774 758 2834 minus
779 2784 874 2834 tecum
895 2792 979 2852 quam
1000 2793 1065 2836 curn
1083 2775 1155 2842 addo

113 2864 142 2914 te
158 2853 208 2913 ini.
231 2853 301 2931 legi
318 2856 390 2914 enim
405 2853 506 2914 librum
521 2866 615 2935 tuum,
628 2856 781 2917 identidem
794 2865 932 2935 repetens
949 2877 984 2919 ea
998 2862 1118 2921 mamone

115 2937 278 3013 (nonenim
292 2940 425 3020 mentiar)
449 2957 521 3017 quae
540 2939 576 3001 de
592 2959 637 3002 me
655 2940 804 3019 scripsisti.
832 2940 864 3000 ln
886 2941 989 3020 quibus
1006 2945 1118 3024 quidem

1124 1113 1150 1166 lt

114 3021 306 3095 percopiosus
322 3022 409 3083 luisti.
431 3021 520 3096 Quam
533 3023 630 3102 multa,
648 3044 730 3105 quarn
743 3026 830 3102 varia,
848 3043 931 3103 quam
945 3045 1003 3087 non
1020 3027 1119 3090 eadem

88 3100 150 3161 ude
163 3101 265 3160 eodem
279 3120 334 3162 nec
348 3115 441 3165 tamen
455 3106 568 3168 diversa
584 3108 691 3168 dixisti!
709 3107 832 3169 laudem
845 3111 954 3187 pariter
969 3120 1000 3172 et
1014 3113 1118 3189 gratias

114 3179 215 3262 agam?
230 3181 367 3245 Neutrum
382 3189 450 3249 satis
466 3207 595 3268 possum,
612 3198 641 3249 et
655 3193 679 3251 si
694 3209 826 3270 possem,
844 3195 1026 3255 timeremus
1042 3201 1157 3257 arro-35

114 3286 184 3346 gans
208 3273 287 3326 esset
302 3267 339 3326 ob
353 3288 387 3329 ea
404 3270 518 3333 laudare
534 3273 571 3332 ob
588 3290 661 3351 qnae
675 3276 780 3350 gratias
795 3294 919 3354 agerem.
943 3277 1037 3340 Unum
1052 3280 1120 3341 illud

113 3350 228 3428 addam,
246 3350 337 3410 omnia
350 3352 416 3413 mibi
436 3363 512 3416 tanto
529 3355 712 3417 laudabiliora
732 3361 794 3421 visa
816 3369 920 3440 quanto
938 3364 1118 3444 iucundiora,

115 3441 145 3494 et
160 3442 236 3494 tanto
252 3432 416 3495 iucundiora
430 3448 535 3517 quanto
550 3437 733 3502 laudabiliora
750 3454 837 3506 erant.
870 3444 951 3506 Vale.

223 3730 252 3762 Δ
340 3734 367 3762 h
