2400 3840
344 199 610 263 annuutiamus
628 210 671 266 75.
686 210 728 267 76.
742 210 786 267 77.
1004 203 1067 268 287

64 349 183 414 bantur?
205 349 302 414 Ceteri
319 353 432 433 quidem
449 353 535 413 delini
550 361 580 414 11
596 355 704 415 attoniti
718 357 808 434 ipsam
821 355 897 416 illam
913 367 1016 418 mutam
1033 375 1067 421 ao

64 436 251 497 sedentariam
269 437 445 498 adsentiendi
466 438 667 498 necessitatem
688 456 746 517 quo
767 457 830 498 oum
851 440 951 502 dolore
970 443 1065 520 animi,

63 538 121 599 quo
137 539 200 583 eum
214 524 301 583 totius
318 523 449 600 eorporis
465 521 585 581 horrore
601 521 852 598 perpetiebantur!
879 524 958 585 Unus
974 524 1066 586 solus·

63 624 119 684 que
142 606 279 665 censebat
300 604 377 684 quod
392 613 583 684 sequerentur
597 622 695 665 omnes
711 615 742 666 et
757 623 856 666 omnes
871 601 1065 687 inprobareut,

37 691 91 756 niu
108 689 207 766 primis
220 690 283 768 ipse
296 690 344 768 qui
359 697 520 750 censuerat.
541 687 625 748 Adeo
636 687 714 748 nulla
724 691 817 768 magia
827 692 956 752 omuibus
968 691 1066 770 displi-

64 782 129 832 oeut
144 791 227 851 quam
243 792 315 852 quae
331 773 375 834 sio
390 774 458 833 dunt
472 782 611 851 tamquam
627 773 756 833 omuibus
770 773 910 853 plaoeaut.
930 773 1065 837 Fortasse

62 858 216 935 imperator
236 858 264 917 in
285 866 385 918 senatu
399 856 434 916 ad
449 857 639 917 reverentiam
655 857 717 918 eius
735 857 965 936 eoupouebatur:
988 868 1066 919 eete-

61 958 123 1000 rum
136 958 273 1017 egressus
288 943 382 1002 atatim
392 960 426 1001 se
436 940 596 1018 reeipiebat
606 941 634 999 iu
647 942 816 1020 prinoipem,
834 942 985 1020 omniaque
997 960 1065 1002 eon·

62 1022 167 1084 solaria
188 1024 283 1087 officia
299 1025 431 1100 abioere,
453 1022 630 1102 neglegere,
653 1034 836 1086 contemnere
857 1025 978 1086 solebat.
1011 1025 1065 1087 llle

21 1123 134 1175 lavero
147 1109 185 1168 ita
200 1108 301 1170 eousul
318 1111 389 1170 atsi
404 1117 509 1168 tantum
524 1107 625 1169 eousul
640 1107 726 1187 11111,
743 1109 812 1169 nihil
823 1109 894 1170 infra
905 1127 939 1169 se
951 1110 1066 1187 putabat

62 1194 116 1253 nisi
135 1192 212 1269 quod
229 1192 301 1256 inira
315 1192 465 1254 eonsulem
480 1202 569 1254 11111.
599 1191 643 1253 Ae
659 1195 778 1272 primum
790 1195 828 1254 ita
843 1193 927 1254 domo
945 1210 1066 1272 progre-

63 1275 191 1335 diebatur
206 1284 236 1335 ut
250 1275 329 1335 illum
343 1275 437 1336 nullus
449 1285 600 1355 apparatus
611 1276 794 1354 adrogantiae
809 1277 986 1356 principalis,
1002 1277 1064 1337 nul·

61 1359 107 1420 lus
120 1376 339 1438 praecursorum
349 1357 483 1420 tumultus
499 1358 648 1419 detineret.
671 1359 733 1420 Una
748 1362 850 1421 eratin
865 1358 961 1420 limine
975 1378 1065 1438 mora,

63 1441 226 1504 consultare
246 1460 315 1503 aves
331 1443 516 1520 revererique
530 1443 672 1501 numinum
686 1445 819 1505 monitus,
848 1442 940 1504 Nemo
955 1453 1066 1521 protur-

21 1542 53 1593 15
64 1529 200 1603 babetur,
223 1544 307 1588 nemo
323 1525 567 1586 summovebatur:
588 1534 664 1586 tanta
679 1527 833 1587 viatoribus
849 1528 948 1604 quies,
972 1536 1065 1588 tantus

65 1613 158 1693 pudor
171 1611 298 1672 fascibus
308 1620 339 1670 ut
354 1609 523 1689 plerumque
540 1608 631 1669 alienu
647 1609 728 1671 turba
744 1611 946 1673 subsistereet
963 1628 1066 1672 eonsu-

62 1697 119 1757 lem
137 1705 167 1756 et
187 1695 345 1774 prinoipem
365 1702 493 1772 augeret.
527 1691 622 1772 lpsius
637 1693 751 1773 quidem
766 1693 890 1756 officium
908 1703 964 1756 tam
977 1696 1065 1756 modi·

63 1798 144 1857 oum,
169 1789 225 1840 tam
242 1787 428 1859 temperatum
449 1786 479 1838 ut
497 1779 630 1857 antiquus
651 1777 753 1856 aliquis
773 1797 949 1858 magnusque
964 1778 1067 1840 oonsul‘

61 1865 115 1924 sub
128 1865 206 1924 bono
222 1864 352 1944 prineipe
368 1862 503 1922 incedere
517 1862 673 1922 uideretur.
707 1861 766 1923 1111
781 1861 824 1923 illi
845 1865 961 1941 saepius
981 1865 1008 1922 in
1022 1863 1065 1923 io·

20 1963 54 2014 10
61 1967 139 2026 rum,
160 1948 327 2026 frequenter
338 1955 432 2007 tamen
442 1954 472 2007 et
485 1947 514 2005 in
529 1964 664 2025 eampum.
702 1944 773 2006 Nam
788 1949 900 2007 comitia
916 1946 1064 2007 eonsulum
1076 1949 1116 2016 77

62 2032 157 2093 obibat
178 2034 256 2109 ipse:
281 2040 387 2091 tantum
405 2048 442 2091 ex
462 2031 668 2090 renuntiatione
689 2046 787 2089 eorum
810 2029 962 2109 voluptatis
978 2048 1064 2109 quau·

61 2127 120 2178 turn
133 2117 212 2194 prius
225 2135 263 2176 en
275 2115 463 2176 destinatione
479 2114 621 2192 capiebat.
648 2113 764 2174 Stabant
779 2113 919 2175 candidati
935 2123 999 2174 aute
1017 2132 1064 2173 eu·

62 2201 153 2261 rulem
168 2200 323 2278 principis,
348 2207 378 2260 ut
399 2199 463 2276 ipse
483 2206 547 2258 aute
564 2197 691 2259 consulis
706 2206 840 2273 11111111,
867 2197 1064 2275 adigebantur·

64 2304 121 2365 que
136 2283 263 2344 iuverba
276 2286 304 2343 iu
320 2300 392 2361 quae
408 2280 494 2360 paulo
516 2292 581 2342 ante
601 2284 665 2359 ipse
686 2283 827 2342 iuraverat
845 2282 996 2359 princeps,
1018 2283 1065 2360 qui

20 2377 168 2432 astantum
189 2377 269 2447 putat
289 2385 356 2428 esse
378 2368 406 2426 iu
426 2368 487 2426 iure
508 2365 624 2426 iurando
644 2365 763 2426 utillud
784 2375 814 2424 et
827 2366 863 2425 ab
879 2364 942 2425 aliis
959 2367 1065 2443 exigat.

61 2453 182 2532 Reliqua
196 2471 262 2532 pars
277 2451 333 2512 diei
350 2449 480 2511 tribunali
494 2450 619 2510 dabatur.
641 2448 684 2510 lbi
700 2466 770 2509 reru
786 2458 887 2528 quanta
899 2447 1002 2527 religio
1018 2468 1065 2510 ae·

62 2535 190 2615 quitatis!
206 2545 308 2616 quanta
324 2534 421 2613 legum
432 2533 606 2595 reverentia!
623 2533 727 2595 Adibat
738 2532 839 2612 aliquis
853 2543 882 2594 ut
894 2535 1065 2612 prinoipem:

61 2621 256 2696 respondebat
271 2638 305 2681 se
322 2619 469 2681 consulem
483 2637 560 2680 1111.
583 2617 694 2680 Nullius
711 2620 747 2679 ab
762 2636 799 2691 eo
813 2619 991 2695 magistratus
1008 2619 1065 2692 ius,

61 2701 166 2763 nullius
187 2705 341 2766 auotoritas
358 2705 490 2765 inminuta
509 2712 572 2780 est,
598 2711 680 2763 aucta
695 2704 792 2775 etiam;
819 2701 956 2779 siquidem
973 2699 1065 2776 plera·

19 2797 118 2866 30111
138 2786 173 2846 ad
197 2795 347 2865 praetores
366 2787 544 2862 remittebat,
570 2795 655 2864 atque
675 2786 714 2845 ita
734 2794 764 2843 ut
785 2783 914 2860 eollegas
935 2791 1064 2858 voearet,

61 2889 119 2932 nou
134 2871 199 2949 quia
217 2869 357 2949 populare
371 2879 538 2948 gratumque
553 2868 748 2945 audientibus,
761 2867 814 2928 sed
829 2869 894 2944 quia
908 2869 945 2926 ita
960 2867 1065 2927 sentie-

62 2955 119 3016 bat.
144 2954 262 3015 'lautum
276 2954 445 3031 dignationis
460 2954 489 3013 in
500 2955 564 3028 ipso
575 2951 684 3013 honore
695 2951 822 3029 ponebat
833 2959 863 3009 ut
873 2967 929 3010 non
946 2947 1066 3029 amplius

63 3058 130 3101 esse
143 3048 277 3101 oenseret
290 3038 367 3117 quod
378 3037 481 3116 aliquis
491 3035 606 3113 collega
616 3035 811 3114 appellaretur
821 3035 975 3113 aprineipe
984 3051 1066 3113 quam

63 3122 139 3203 quod
156 3131 271 3202 praetor
285 3132 375 3183 esset.
394 3121 439 3182 Ad
454 3121 510 3183 hoe
525 3132 581 3182 tam
594 3120 727 3181 adsiduus
742 3122 769 3179 in
784 3117 914 3180 tribunali
926 3128 956 3179 ut
967 3117 1066 3180 labore

20 3209 142 3272 31111111
163 3226 198 3268 11
217 3209 343 3286 reparari
357 3207 511 3267 rideretur.
546 3204 616 3279 Quis
631 3213 758 3266 nostrum
772 3204 848 3264 idem
863 3221 965 3278 eume,
991 3200 1066 3263 idem

62 3293 175 3354 sudoris
190 3288 323 3352 insumit?
341 3292 405 3370 quis
420 3290 492 3351 adeo
508 3290 642 3369 expetitis
657 3288 811 3348 bonoribus
823 3297 869 3347 aut
880 3284 1007 3348 deservit
1019 3292 1067 3346 aut

62 3374 190 3437 suflicit?
208 3374 246 3435 111
259 3393 328 3436 sane
344 3393 465 3453 aequum
479 3382 524 3436 111
538 3382 644 3434 tantum
659 3373 764 3434 ueteris
779 3381 925 3451 praestare
944 3367 1067 3431 oonsuli-

62 3460 116 3521 bus
137 3461 229 3541 ipsum
250 3461 298 3539 qui
316 3458 450 3521 eonsules
466 3458 547 3520 fauit:
569 3457 678 3540 quippe
694 3458 784 3519 etiam
794 3451 1086 3516 reassumam
