2400 3840
334 200 597 266 EPISTULARUM
610 205 673 266 Vll.
696 217 721 268 1.
736 217 762 268 a.
778 216 803 268 a.
820 218 846 269 4.
1040 208 1100 272 133

92 353 213 413 animum
226 353 392 434 saltumque
408 361 557 434 conposui.
582 357 662 432 Quae
674 360 725 420 tibi
740 361 856 439 scripsi,
871 363 1003 440 primum,
1020 370 1050 421 ut
1065 369 1121 425 tel

92 453 148 496 non
170 437 233 498 sine
256 438 390 518 exemplo
405 457 568 520 monerem,
595 443 708 520 deinde,
731 453 761 504 ut
778 446 807 504 in
823 453 969 523 posterum
983 448 1047 524 ipse
1062 447 1099 508 ad

93 517 213 581 eandem
227 525 442 601 temperantiam
457 524 662 605 adstringerer,
679 545 741 586 cnm
756 546 801 588 me
816 528 868 588 bac
884 531 1006 609 epistula
1018 534 1098 608 quasi

10 674 14 683 Ι
92 605 214 682 pignore
230 606 413 685 obligassem.
443 607 523 669 Vale.

573 728 610 789 ll.

396 828 423 879 O.
442 829 565 881 PLINIUS
579 829 671 882 IUSTO
687 831 749 884 SUO
767 831 793 881 S.

155 929 398 1002 Quemadmodum
420 934 552 1012 congruit
571 944 602 995 ut
622 934 706 997 simul
727 944 757 996 et
778 935 910 996 adfirmes
927 944 957 996 te
973 935 1122 1001 adsiduisl

94 1016 330 1094 occupationibus
345 1016 477 1095 impediri
488 1027 518 1078 et
533 1019 640 1096 scripta
657 1028 755 1081 nostra
770 1020 936 1096 desideres,
956 1038 1029 1099 quac
1048 1022 1098 1080 vix

58 1096 127 1167 lcab
147 1101 249 1161 otiosis
264 1102 416 1178 impetrare
432 1101 538 1181 aliquid
555 1106 672 1181 perituri
688 1106 824 1184 temporis
840 1101 984 1183 possunt?
1005 1104 1122 1166 Patiart

95 1200 165 1260 crgo
189 1192 328 1244 aestatem
346 1187 499 1264 inquietam
518 1187 603 1247 vobis
625 1190 836 1266 exercitamque
857 1198 1051 1249 transcurrere
1068 1199 1098 1249 et

93 1265 187 1329 bieme
210 1266 337 1346 demum,
361 1287 424 1330 cum
444 1270 583 1331 credibile
606 1274 660 1332 erit
680 1273 812 1332 noctibus
835 1272 935 1332 saltem
950 1290 1053 1334 vacare
1068 1284 1097 1335 te

94 1369 194 1430 posse,
210 1370 343 1430 quaeram
358 1353 424 1433 quid
439 1355 618 1434 potissimum
634 1374 670 1416 ex
685 1356 769 1432 nugis
785 1357 856 1417 meis
871 1355 922 1416 tibi
938 1355 1095 1418 exhibeam.

93 1433 208 1497 Interim
222 1436 332 1497 abunde
344 1446 400 1515 est,
416 1439 441 1498 si
453 1436 592 1515 epistulae
604 1457 661 1501 non
672 1448 737 1500 sunt
747 1438 886 1500 molestae
893 1460 901 1508 ;
917 1450 981 1499 sunt
992 1449 1123 1518 autem‚3

60 1525 85 1578 15
94 1529 122 1581 et
136 1520 204 1581 ideo
218 1520 367 1583 breviores
383 1531 473 1583 erunt.
504 1521 586 1582 Vale.

570 1636 620 1699 ΙΙΙ.

347 1736 373 1786 c.
394 1735 519 1788 uerutus
538 1735 718 1788 unnusnnru
736 1736 796 1788 suo
816 1738 843 1790 s,

157 1835 282 1899 Tantane
300 1841 513 1917 perseverantia
534 1849 563 1900 tn
583 1841 669 1900 modo
690 1842 717 1900 in
737 1838 859 1902 Lucania
874 1840 957 1900 modo
972 1840 1001 1900 in
1016 1837 1122 1906 Cam-1

57 1917 196 2000 appamia?
224 1920 304 2000 ‘lpse
324 1924 409 1983 enim'
434 1924 528 2002 inquis
551 1921 710 2002 εΙιιιιιιιιιιιε,
734 1942 806 1984 uror
828 1921 990 2002 Campana'.
1020 1921 1098 1983 Iusta

95 2022 180 2065 eausa
203 2004 341 2083 longioris
357 2006 521 2084 absentiae,
540 2024 598 2068 non
614 2017 771 2086 perpetuae
791 2017 891 2067 tamem
927 2005 1000 2078 Quin
1025 2021 1124 2082 ergon

93 2087 246 2168 aliquando
267 2091 294 2149 in
316 2090 416 2150 urbem
433 2087 530 2150 redis?
558 2091 605 2150 ubi
629 2091 750 2170 dignitas
771 2090 864 2150 honor
882 2091 1019 2149 amicitiae
1041 2099 1098 2148 tam

93 2175 261 2251 superiores
279 2191 361 2253 quam
379 2175 512 2234 minores.
537 2173 695 2254 Quousque
715 2170 869 2252 regnabis?
891 2190 1040 2251 quousque
1056 2173 1097 2230 vi·

93 2256 196 2335 gilabis
219 2276 284 2316 oum
304 2257 404 2333 voles,
421 2257 544 2318 dormies
560 2276 643 2337 quam
659 2258 706 2318 diu
723 2254 825 2318 voles?
843 2274 992 2336 quousque
1007 2254 1102 2315 calcei

10 2362 14 2367 ·
54 2351 251 2421 Quanquam,
274 2350 343 2419 toga
363 2341 478 2419 feriata,
495 2341 569 2402 liber
582 2352 659 2404 totus
676 2339 759 2403 dies?
781 2341 905 2419 Tempus
921 2349 966 2400 est
981 2348 1010 2400 te
1023 2341 1123 2404 revi⁴3

10 2444 13 2449 ·
95 2444 161 2487 sere
175 2424 322 2486 molestias
338 2434 467 2504 nostras,
484 2425 532 2486 vel
548 2427 585 2487 ob
600 2427 779 2505 boemiam,
794 2445 831 2487 ne
846 2425 1009 2502 voluptates
1024 2424 1098 2485 istae

10 2580 13 2591 Ι
95 2511 227 2570 satietate
247 2508 442 2587 languescant
476 2509 571 2570 Saluta
586 2510 742 2590 paulisper,
759 2527 815 2591 qno
832 2512 869 2571 sit
885 2510 935 2569 tibi
949 2509 1098 2569 iucundius

10 2620 13 2657 :
95 2593 226 2671 salutari,
241 2601 336 2653 terere
348 2594 376 2651 in
388 2592 441 2653 bac
457 2594 555 2669 turba,
571 2603 642 2655 otte
655 2594 780 2657 solitudo
792 2594 929 2655 delectet.
962 2592 1020 2652 Sed
1032 2590 1125 2671 quida

10 2676 14 2739 ἰ
93 2677 249 2756 inprudens
261 2694 344 2756 quem
356 2693 478 2736 evocare
492 2694 581 2737 conor
589 2675 723 2740 retardo?
737 2678 871 2739 Fortasse
887 2679 959 2759 enirn
970 2675 1014 2735 bis
1025 2676 1097 2752 ipsis

54 2761 255 2826 aoadmoneris
274 2769 304 2821 ut
325 2769 354 2820 te
373 2761 509 2838 magisne
526 2764 615 2839 magis
632 2765 689 2822 otio
707 2761 851 2830 involvam
877 2759 952 2840 quod
969 2775 1026 2836 ego
1040 2775 1098 2818 non

10 2870 17 2889 ι
93 2845 224 2922 abrumpi
239 2843 292 2905 sed
305 2845 450 2905 intermitti
467 2845 545 2905 volo.
575 2845 612 2905 Ut
625 2846 714 2920 enim,
738 2848 763 2905 si
778 2863 876 2906 cenam
893 2843 942 2902 tibi
961 2842 1123 2918 iacerem‚5

94 2926 227 2989 dulcibus
251 2928 323 2988 cibis
342 2945 424 2987 acres
446 2938 607 3006 acutosque
621 2930 790 3008 miscerem‚
813 2936 843 2987 ut
862 2928 980 2987 obtusus
994 2923 1052 2986 illis
1069 2933 1099 2986 et

10 3000 18 3095 ¹,
93 3011 200 3074 oblitus
218 3012 381 3072 stomachus
397 3010 441 3070 bis
457 3013 644 3089 excitaretur,
657 3014 696 3072 ita
710 3030 786 3073 nuno
796 3013 897 3072 hortor
908 3019 939 3071 ut
955 3009 1098 3071 iucundis·

10 3102 17 3153 ἑ
93 3097 195 3157 simum
211 3114 303 3173 genus
319 3097 394 3155 vitae
415 3095 558 3156 nonnullis
573 3096 712 3156 interdum
727 3098 806 3176 quasi
821 3095 954 3156 acoribus
972 3094 1096 3155 condias.

56 3178 176 3249 avalo.

565 3261 629 3323 llll.
642 3307 644 3311 .

382 3360 409 3410 (l.
426 3361 550 3413 PLINIUS
567 3361 684 3412 PONTIO
703 3358 764 3413 SUO
785 3360 811 3414 S.

158 3461 208 3520 dis
224 3460 332 3538 legisse
346 3469 375 3521 te
388 3460 647 3536 hendecasyllabos
659 3477 752 3530 meos;
768 3461 891 3540 requiris
906 3461 989 3521 etiam
1004 3465 1125 3537 queml
