2400 3840
134 166 176 231 82
562 158 593 223 G.
618 158 713 220 PLlNl

135 335 272 400 perquam
293 332 445 378 onerosum
471 332 609 376 accusare
631 313 803 391 damnatum,
830 330 916 394 quem
941 321 973 373 ut
993 310 1125 393 premalut
1188 315 1193 374 i

135 403 270 464 atrocitas
287 402 422 477 criminis,
438 402 476 462 ita
486 401 567 480 quasi
579 409 713 478 peractae
726 398 913 459 damnationis
923 398 1067 459 miseratio
1076 406 1125 458 tue·

95 493 128 546 ll
137 489 226 548 hatur.
245 485 404 564 Utcumque
415 493 508 545 tamen
519 485 639 545 animum
650 484 911 562 cogitationemque
924 480 1044 561 collegi,
1056 479 1127 560 coepi
1190 502 1198 543 r

137 571 234 632 dicere
249 586 306 630 non
320 571 428 630 minore
442 568 613 628 audientium
626 566 750 628 adsensu
761 584 844 645 quam
856 565 1051 627 sollicitudine
1063 581 1128 627 mea:
1192 584 1198 625 r

136 655 192 716 dixi
208 654 285 715 horis
299 671 391 733 paene
407 655 541 734 quinque.
563 650 635 712 llam
649 650 799 711 duodecim
816 648 980 730 clepsydris
995 667 1065 730 qum
1076 664 1147 730 spat
1197 679 1200 697 1

136 741 304 801 tiosissimas
325 755 494 817 acceperam
513 745 578 798 sunt
601 735 711 796 additae
734 743 875 815 quattuor.
906 733 992 796 Adeo
1011 733 1061 796 illa
1079 735 1132 813 ipsa

137 842 209 903 quac
230 824 298 883 dura
314 832 343 884 et
363 822 484 883 adversa
503 821 614 881 dicturo
630 819 799 880 ridebantur
818 817 946 881 secunda
960 818 1068 881 dicenti
1080 817 1132 879 lne-

97 914 207 969 15mnt.
230 906 336 968 Caesar
350 905 464 984 quidem
477 913 582 964 tantum
596 904 663 964 milri
676 903 814 980 studium,
831 912 935 964 tantam
949 904 1037 964 etiam
1050 916 1132 964 curan

137 993 265 1069 (nimium
280 1000 325 1050 est
339 992 414 1049 enim
428 988 526 1048 dicere
538 986 775 1066 sollicitudinem)
792 988 951 1067 praestitit,
966 997 998 1049 ut
1013 985 1133 1048 literne

136 1094 229 1136 meum
244 1082 311 1150 post
325 1090 371 1132 me
387 1080 507 1131 stantem
524 1073 639 1150 saepius
653 1071 818 1132 admoneret
834 1072 901 1131 voci
916 1069 1059 1151 laterique
1074 1078 1162 1135 con-lt

137 1157 273 1233 sulercm,
289 1173 352 1216 cum
366 1173 412 1215 me
427 1154 624 1215 vehementius
644 1165 756 1233 putaret
776 1155 882 1216 intendi
900 1173 985 1235 quam
1000 1153 1134 1235 gracitm

137 1259 199 1301 mea
222 1241 337 1321 perpeti
361 1247 471 1317 posset.
503 1238 663 1318 Respondit
682 1240 748 1300 mihi
770 1257 823 1319 pro
842 1237 988 1301 Marciano
1009 1238 1134 1302 Glaudim

97 1324 327 1386 tollarcellinus.
355 1321 462 1386 llissus
476 1322 579 1384 deinde
593 1334 708 1386 senatus
723 1334 752 1385 et
770 1333 924 1385 revocatus
938 1326 968 1384 in
980 1335 1134 1404 posteram:

136 1428 230 1489 neque
243 1410 317 1469 enim
327 1410 381 1469 iam
394 1408 521 1469 inchoari
535 1418 648 1488 poterat
660 1411 746 1486 actio,
762 1410 815 1470 nisi
830 1417 860 1468 ut
874 1411 968 1469 noctis
981 1411 1135 1471 interventa

97 1509 128 1563 17
138 1494 325 1556 scinderetur.
347 1493 467 1556 Postero
484 1491 530 1554 die
547 1492 616 1553 dinit
630 1510 683 1572 pro
700 1491 789 1553 llario
806 1491 918 1553 Salvius
934 1491 1085 1572 liberalis,
1098 1495 1164 1555 rirlt

138 1579 250 1640 subtilis
276 1579 431 1657 dispositus
461 1594 529 1638 acer
555 1576 693 1646 disertus:
725 1579 754 1637 in
774 1575 822 1636 illa
841 1594 914 1637 vero
936 1595 1024 1639 causa
1045 1595 1134 1639 omncs

138 1672 215 1722 artes
236 1679 303 1722 suas
324 1660 452 1739 protulit.
484 1659 645 1738 Respondit
661 1658 812 1722 Cornelius
828 1660 943 1722 Tacitus
964 1661 1134 1741 eloquentis·

96 1753 130 1806 18
138 1747 209 1806 sime
224 1754 265 1821 et,
281 1744 357 1822 quod
372 1746 504 1804 eximium
519 1747 636 1805 orationi
651 1748 713 1807 eins
728 1748 814 1822 inest,
830 1745 970 1824 σεμναῖς.
998 1745 1078 1807 Dixit
1090 1761 1135 1825 pro

136 1828 225 1889 llario
240 1846 338 1889 rursus
350 1826 456 1889 Fronto
472 1826 569 1889 Cetius
580 1831 737 1907 insigniter,
755 1839 844 1908 utque
858 1831 911 1888 iam
927 1828 1012 1890 locus
1026 1829 1078 1892 ille
1090 1846 1135 1910 po·

138 1914 256 1991 scebat,
285 1911 349 1991 plns
370 1914 398 1972 in
419 1913 555 1992 precibus
576 1917 713 1994 temporis
734 1932 817 1993 quam
835 1915 864 1973 iu
885 1911 1057 1977 defensione
1074 1919 1167 1977 coa-tt

137 1999 265 2077 sumpsit.
289 1995 377 2058 Huius
394 1999 536 2058 actionem
556 2016 680 2078 vespera
699 1998 832 2074 inclusit,
857 2014 915 2058 non
934 2008 1031 2059 tomen
1050 2003 1093 2060 sic
1110 2007 1136 2058 at
1171 2016 1176 2025 ·

137 2083 330 2161 abrumperet.
350 2081 448 2161 ltaque
459 2084 488 2142 in
504 2083 616 2142 tertium
631 2083 706 2143 diem
719 2082 904 2161 probationes
920 2085 1064 2145 exierunt.
1084 2082 1136 2144 lun

136 2168 193 2228 hoc
206 2169 299 2246 ipsum
311 2166 460 2245 pulchrum
477 2176 507 2226 ct
521 2169 675 2246 antiquum,
693 2176 821 2227 senatum
834 2176 921 2227 nocte
932 2165 1036 2247 dirimi,
1050 2165 1135 2230 triduo

112 2252 253 2328 incoari,
275 2250 368 2310 triduo
388 2251 534 2310 contineri.
557 2249 699 2311 Cornutus
714 2249 874 2327 Tertullus,
893 2250 996 2312 consul
1012 2253 1136 2332 designa·

137 2344 200 2410 tus,
221 2335 265 2391 vir
288 2335 424 2410 egregius
439 2341 469 2393 et
483 2351 536 2411 pro
550 2337 669 2395 veritate
689 2335 881 2412 firmissimus,
904 2339 1019 2398 censuit
1036 2339 1169 2416 septim-tt

138 2426 224 2495 genta
246 2416 321 2476 milia
342 2434 415 2495 quae
435 2427 588 2496 accepemt
610 2418 714 2480 lllarius
736 2421 845 2480 aerario
865 2419 1031 2501 inferenda,
1054 2419 1137 2481 llario

138 2501 209 2561 urbe
228 2499 365 2580 ltalinque
386 2502 628 2581 interdicendum,
652 2502 796 2564 llarciano
817 2503 873 2564 hoc
893 2504 1015 2584 amplius
1034 2504 1136 2565 Africa.

109 2604 117 2623 ·
138 2585 170 2646 ln
185 2585 241 2644 fine
256 2586 414 2646 sententiae
429 2586 549 2664 adiecit,
570 2588 646 2666 quod
668 2605 725 2666 ego
742 2597 772 2649 et
788 2586 903 2648 Tacitus
917 2589 1043 2650 iniuncta
1056 2586 1137 2649 adro

139 2672 250 2731 catione
266 2670 419 2749 diligenter
432 2679 462 2730 et
477 2671 588 2732 fortiter
602 2672 692 2733 iuncti
707 2690 855 2750 essemus,
870 2671 999 2733 arbitrari
1015 2682 1137 2735 senatum
1199 2707 1200 2728 r

98 2758 175 2817 atita
188 2773 243 2818 nos
256 2756 365 2817 iecisse
380 2764 411 2816 nt
422 2756 534 2832 dignum
545 2754 680 2817 mandetis
691 2757 818 2836 partibus
830 2756 926 2818 luerit.
943 2756 1170 2822 Adsensermtat
1199 2774 1200 2825 i

139 2839 273 2902 consules
285 2839 437 2918 designati,
449 2858 548 2901 omnes
560 2842 643 2901 etiam
655 2841 820 2902 consulares
831 2859 923 2921 usqne
935 2842 971 2901 ad
978 2840 1137 2922 Pompeium
1199 2852 1200 2877 ¹

139 2921 303 3002 Collegem:
325 2925 375 2985 ille
399 2934 428 2985 et
448 2927 629 3003 septingenta
647 2926 723 2985 milia
738 2927 849 2987 aerario
863 2925 1012 2987 inferenda
1026 2935 1056 2987 et
1069 2924 1137 2986 llar-

140 3009 248 3067 cianum
268 3011 297 3068 in
318 3011 538 3089 quinquennium
559 3008 761 3088 relegandum,
783 3009 901 3070 ldarium
921 3010 1137 3090 repetundarum

96 3097 260 3169 21poenac,
276 3111 357 3170 quam
371 3095 425 3153 iam
440 3111 542 3171 passus
558 3102 654 3172 esset,
675 3097 786 3156 censuit
799 3094 1028 3174 relinquendum.
1053 3093 1137 3155 Erant

138 3177 166 3234 in
183 3183 301 3253 utraque
317 3179 457 3238 sententia
467 3177 557 3255 multi,
573 3178 697 3239 tortasse
714 3181 798 3239 etiam
812 3178 910 3259 plures
924 3181 954 3239 in
966 3179 1021 3240 hac
1031 3177 1080 3240 rel
1092 3181 1167 3239 soit

137 3258 241 3318 lutiore
255 3258 303 3318 vel
317 3258 458 3322 molliore.
484 3260 555 3323 Nam
569 3261 681 3341 quidam
696 3282 733 3324 ex
746 3263 803 3324 illis
818 3281 934 3343 quoque
950 3266 999 3343 qui
1015 3261 1135 3325 commo

137 3341 304 3403 videbantur
322 3343 436 3404 adsensi
455 3345 547 3425 hunc,
561 3348 608 3425 qui
622 3357 688 3427 post
701 3350 783 3425 ipsos
798 3358 965 3426 censuerat,
983 3346 1134 3427 sequeitur·
1183 3400 1186 3405 .

95 3435 191 3488 antur.
214 3425 272 3487 Sed
289 3445 352 3488 cum
363 3428 445 3488 lieret
460 3430 612 3507 discessio,
625 3433 672 3510 qni
683 3431 764 3495 sellis
777 3432 926 3495 consulum
937 3432 1100 3493 adstiterunt
1109 3430 1133 3489 in
