2400 3848
93 196 157 264 252
335 143 341 158 ’
522 192 555 256 c.
578 192 676 255 ruur

93 373 156 423 res;
182 350 289 430 gratius
302 358 395 408 tamen
410 346 487 424 quod
500 348 607 408 sensim
621 355 650 407 et
664 345 796 426 placide,
813 353 845 406 et
858 355 995 425 quantum
1011 364 1108 426 respe-

97 438 229 498 ctantinnr
244 433 326 494 turba
346 439 509 510 pateretur,
530 428 698 507 incederes,
720 428 799 507 quod
821 431 1040 492 occursantium
1060 448 1108 509 po

95 519 180 601 pulus
196 529 225 580 te
240 534 374 596 quoque,
390 524 420 575 te
434 515 518 574 immo
531 515 650 576 maxime
664 521 787 590 artaret,
811 513 891 592 qnod
905 515 1000 592 primo
1019 517 1108 575 statim

96 605 142 666 die
158 603 232 666 latus
245 610 323 663 tunm
340 597 475 661 crederes
491 598 630 659 omnibus.
651 596 754 676 Neque
770 599 847 657 enim
863 599 988 675 stipatus
1002 597 1107 659 satelli·

96 699 156 750 tum
170 705 269 764 mann,
294 684 348 746 sed
363 682 551 744 circumfusus
566 681 690 761 undique
704 699 780 740 nunc
794 689 913 742 senatus
928 699 1007 740 nunc
1022 694 1127 761 eque-5

97 774 163 834 stris
178 771 283 831 ordinis
299 769 486 848 dore,prout
502 765 666 828 alterutrum
676 765 854 844 frequentiae
866 783 962 842 genus
974 765 1105 826 invaluis-

98 866 161 933 set,
182 854 302 915 silentes
319 853 490 931 quietosque
508 850 625 911 lietorcs
641 859 707 910 tuos
724 848 960 927 subsequebare:
978 867 1043 909 nam
1058 852 1104 908 mi·

96 940 164 1002 lites
192 937 261 998 nibil
283 955 299 997 a
320 935 408 1015 plebe
429 935 526 996 habitu
546 932 746 1014 tranquillitate
765 932 906 995 modestia
926 932 1103 994 differebant.

99 1023 154 1085 Ubi
168 1039 239 1082 vero
256 1020 378 1099 coepisti
394 1016 565 1099 Capitolium
579 1016 755 1092 ascendere,
778 1034 863 1096 quam
878 1015 955 1076 laeta
976 1017 1104 1078 omnibus

97 1105 258 1183 adoptionis
278 1112 343 1163 tuae
362 1101 539 1162 recordatio!
575 1119 657 1180 quam
678 1099 824 1181 peculiare
845 1099 981 1178 gaudium
1006 1118 1103 1162 eorum
1111 1108 1138 1160 10

98 1191 146 1267 qui
160 1198 189 1247 te
203 1187 283 1266 primi
298 1184 401 1247 eodem
416 1184 483 1245 loco
498 1185 688 1247 salutaverant
702 1182 916 1264 imperatorem!
933 1183 1010 1257 Quin
1022 1186 1104 1245 etiam
1181 1206 1183 1217 ·

117 1289 180 1332 eum
194 1273 286 1349 ipsum
301 1279 368 1330 tunc
382 1270 564 1348 praecipuam
578 1268 754 1348 voluptatem
764 1269 862 1346 operis
874 1268 920 1330 sui
931 1270 1104 1348 percepisse

12 1272 274 1446 (⁹drediderim.
305 1353 341 1415 Ut
364 1352 477 1433 quidem
491 1352 582 1415 isdem
596 1354 727 1431 vestigiis
740 1351 866 1413 institisti
881 1351 986 1429 quibus
1001 1370 1104 1431 parens

97 1450 162 1502 tuns
182 1442 283 1518 ingens
305 1437 376 1499 illud
395 1438 514 1498 deorum
534 1436 696 1518 prolaturus
716 1454 865 1512 arcanum,
894 1453 969 1513 quae
985 1439 1104 1496 circum-

98 1526 228 1585 stantium
247 1521 362 1601 gaudia!
389 1538 472 1599 quam
491 1539 595 1582 recens
619 1518 738 1582 clamor!
764 1536 847 1598 quom
867 1518 968 1580 similis
984 1519 1028 1580 illi
1042 1520 1139 1581 dicslt

99 1609 147 1686 qui
157 1607 232 1667 hunc
242 1608 340 1683 genuit
352 1604 441 1666 diem!
456 1615 486 1666 ut
501 1604 586 1684 plena
600 1603 750 1682 altaribus,
765 1612 885 1682 augusta
899 1604 1024 1665 victimis
1039 1623 1105 1665 cun·

102 1690 161 1751 cta!
187 1700 217 1749 ut
232 1692 260 1748 in
275 1692 357 1751 unius
372 1688 493 1750 salutem
507 1687 611 1750 collata
632 1690 754 1748 omnium
768 1685 849 1748 vota!
875 1705 940 1748 cum
953 1687 1009 1749 sibi
1024 1707 1057 1750 se
1071 1706 1105 1749 ac

98 1772 198 1836 liberis
215 1774 275 1833 suis
292 1770 494 1849 intellegerent
505 1773 617 1851 precari
629 1791 703 1850 quae
717 1788 769 1852 pro
781 1779 810 1831 te
822 1781 1019 1850 precarentur.
1035 1770 1105 1832 lnde

98 1865 128 1916 tu
149 1858 177 1915 in
194 1854 328 1934 palatium
345 1854 475 1933 quidem,
506 1854 611 1918 sedeo
625 1854 721 1933 vultu,
750 1873 784 1916 ea
798 1854 1009 1932 moderatione,
1032 1863 1064 1915 ut
1079 1857 1104 1915 si

99 1941 235 2020 privatam
249 1938 360 2000 domum
376 1947 492 2017 peteres
500 1962 508 2010 ;
527 1941 617 2001 ceteri
629 1939 663 2001 ad
678 1948 797 2018 penates
812 1956 882 2000 suos
897 1941 1035 2018 quisque,
1049 1939 1144 2000 ite-2⁰

47 2019 89 2081 24
100 2034 212 2086 ratnrus
232 2024 325 2102 gaudii
342 2023 442 2101 iidem,
464 2026 513 2085 ubi
530 2022 608 2084 nulla
621 2024 781 2084 necessitas
796 2022 940 2100 gaudendi
957 2032 1011 2084 est.
1028 2021 1103 2083 One·

97 2119 190 2170 nasset
214 2107 298 2168 alium
322 2106 481 2169 eiusmodi
504 2110 647 2177 introitum
682 2117 712 2168 tu
736 2107 840 2167 cotidie
864 2105 1055 2167 admirabilior
1075 2117 1105 2167 et

98 2193 215 2271 melior,
240 2192 304 2253 tulis
324 2193 448 2271 deniqne
468 2192 568 2269 quales
588 2191 635 2251 alii
652 2192 798 2270 principes
818 2190 931 2251 iuturos
950 2208 984 2250 se
999 2199 1105 2252 tantum
1193 2256 1196 2269 Ι

98 2276 279 2353 pollicentur.
302 2274 401 2335 Solum
412 2292 483 2353 ergo
495 2285 525 2336 te
541 2274 717 2338 commendat
727 2281 872 2353 augetque
886 2276 1024 2353 temporis
1038 2291 1102 2352 spa·
1193 2272 1196 2283 '

97 2361 173 2417 tium.
196 2359 312 2419 iunxisti
328 2362 404 2419 enim
418 2377 451 2419 uc
464 2361 602 2420 miscuisti
618 2377 667 2419 res
678 2358 904 2435 diversissimas,
919 2360 1102 2419 securitatem
1110 2354 1142 2406 ²5

99 2439 166 2499 olim
183 2443 347 2519 imperantis
363 2453 392 2503 et
408 2444 570 2523 incipientis
585 2442 733 2521 pudorem.
754 2441 818 2502 Non
832 2451 863 2502 tu
876 2442 982 2503 ciuium
996 2440 1102 2520 ample·

97 2541 150 2582 xus
168 2523 203 2582 ad
222 2524 314 2602 pedes
328 2533 393 2584 tuos
408 2527 543 2604 deprimis
557 2544 613 2586 nec
628 2525 757 2587 osculnm
775 2542 858 2585 manu
872 2525 983 2586 reddis:
1010 2533 1103 2587 manet

97 2607 258 2686 imperatori
279 2624 351 2685 qnae
366 2610 445 2686 prior
461 2611 518 2670 oris
533 2609 698 2676 humanitas.
726 2609 885 2670 Incedebas
900 2609 1040 2688 pedibus3
1062 2610 1101 2669 iu·

99 2692 193 2752 cedis:
210 2690 360 2753 laetabaris
375 2691 489 2762 labore3
506 2693 635 2754 laetaris:
652 2694 751 2754 eadem
765 2711 838 2773 quae
856 2694 950 2754 omnia
963 2692 1012 2754 illa
1026 2694 1100 2753 circa

97 2785 127 2836 te
141 2774 209 2836 nibil
224 2778 255 2837 iu
269 2778 333 2856 ipso
344 2786 374 2838 tc
388 2776 499 2839 fortuna
511 2778 636 2839 mutavit.
659 2776 790 2838 Liberum
801 2785 846 2837 est
856 2773 1037 2854 ingrediente
1049 2777 1142 2856 perdo

98 2860 243 2936 publicum
255 2862 386 2939 principe
399 2864 574 2940 subsistere,
587 2878 757 2938 occurrere,
772 2862 914 2937 comitari,
927 2863 1100 2940 praeterire:

97 2943 222 3005 ambulas
237 2946 395 3021 internos,
412 2963 468 3006 non
484 2949 562 3023 quasi
580 2948 742 3023 contingas;
757 2953 786 3004 et
801 2946 913 3024 copiam
928 2946 985 3023 tui,
1000 2961 1058 3005 non
1071 2952 1102 3004 ut

96 3023 226 3100 inputes,
252 3028 333 3089 iacis.
366 3027 471 3087 Haeret
487 3027 569 3089 lateri
582 3038 632 3088 tuo
648 3030 776 3107 quisquis
791 3031 932 3105 accessit,
959 3029 1101 3106 finemque

97 3109 221 3165 sermoni
239 3127 307 3170 snus
323 3114 427 3189 cuique
443 3110 551 3189 pudor,
566 3128 623 3170 nou
637 3122 684 3172 tua
701 3112 836 3191 superbia
851 3111 929 3173 iacit.
963 3111 1101 3190 Regimur

97 3187 210 3265 quidem
224 3199 280 3249 ate
293 3201 322 3251 et
333 3195 455 3254 subiecti
468 3195 533 3271 tibi,
549 3193 601 3254 sed
619 3195 852 3273 quemadmodum
863 3195 978 3274 legibus
992 3214 1099 3256 sumus.
1108 3198 1142 3254 35

95 3270 166 3332 Nam
181 3280 210 3331 et
224 3269 290 3330 illae
306 3277 475 3351 cupiditates
490 3287 602 3337 nostras
617 3276 808 3358 libidinesque
822 3278 1022 3357 moderantur,
1050 3297 1102 3342 no·

96 3353 205 3415 biscum
216 3364 309 3415 tamen
321 3366 350 3416 et
363 3361 500 3421 internos
515 3368 672 3422 versantur.
693 3360 825 3440 Emines,
843 3363 985 3442 excellis,
1002 3373 1036 3424 nt
1050 3363 1102 3425 bo·

86 3454 157 3519 nor,
176 3451 209 3503 nt
215 3449 368 3518 potestas,
394 3461 467 3522 quae
483 3465 571 3528 super
585 3442 717 3506 bomines
730 3447 864 3526 quidem,
874 3447 1020 3507 hominnm
1035 3458 1102 3510 sunt
