2400 3840
102 180 146 244 54
530 175 562 236 G.
585 173 683 237 PLINI

102 340 156 391 tur.
179 329 320 409 Hispanus
335 338 364 389 et
379 327 488 389 Probus
503 330 530 388 in
542 328 761 408 quinquennium
773 325 905 405 relegati.
924 325 1009 388 Adeo
1020 345 1105 405 grave

62 423 97 478 18
104 417 194 473 risum
210 422 255 474 est
271 412 347 492 quod
363 413 441 472 initio
454 412 631 473 dubitabatur
642 430 677 472 au
688 413 800 471 omnino
811 413 1020 472 crimencsset.
1042 410 1106 472 Post

105 515 213 576 paucos
229 496 290 558 dies
302 494 449 556 Claudium
460 495 594 574 Fuscum,
610 493 734 556 Classici
745 513 895 572 generum,
913 503 945 555 et
960 494 1106 557 Stilonium

104 581 247 659 Priscum,
273 583 320 661 qui
341 581 467 641 tribunus
484 581 611 641 cohortis
627 580 680 640 sub
697 576 826 639 Classico
842 579 947 656 luerat,
963 580 1105 641 accusari·

104 683 178 743 mus,
195 663 299 743 dispari
315 673 432 725 eventu:
449 663 548 727 Prisco
563 667 591 723 in
606 664 747 723 biennium
762 661 843 723 ltalia
852 661 1046 741 interdictum,
1061 663 1125 726 abt

63 758 97 814 19
106 748 215 809 solutus
231 759 277 809 est
291 748 410 810 Fuscus.
443 749 566 809 Actione
582 749 663 807 tertia
679 746 937 808 commodissimum
950 749 1106 826 putarimus

105 831 203 911 plures
219 850 416 910 congregare,
431 835 526 909 ne,.si
542 831 655 908 longius
670 840 750 891 esset
767 839 895 892 extracta
910 832 1050 908 cognitio,
1065 849 1105 891 sa·

104 918 201 977 tietate
219 926 247 977 et
269 916 363 977 taedio
385 914 506 994 quodam
525 917 630 975 iustitia
654 915 890 992 cognoscentium
910 917 1105 994 severitasque

103 998 320 1078 languesceret;
334 1008 364 1059 et
376 998 482 1077 alioqui
493 1008 662 1077 supererant
672 1000 796 1059 minores
807 1000 850 1059 rai
862 997 926 1059 data
935 1015 1028 1076 opera
1034 999 1105 1059 bunc

102 1085 131 1142 in
146 1083 241 1142 locum
255 1085 411 1159 reservati,
433 1091 555 1161 excepta
570 1091 661 1142 tamen
679 1080 800 1143 Classici
815 1099 922 1158 uxore,
947 1101 1022 1162 quae
1033 1084 1135 1150 aicutm

61 1214 63 1219 .
103 1165 230 1243 inplicita
245 1167 450 1244 suspitionibus
464 1168 502 1226 ita
516 1184 573 1226 non
587 1169 656 1228 satis
673 1167 805 1226 convinci
820 1166 1039 1244 probationibus
1050 1168 1105 1226 visa

61 1258 159 1318 aocet.
189 1248 260 1309 Nam
279 1247 401 1310 Classici
418 1249 489 1326 lilia,
512 1269 587 1328 quae
608 1259 638 1310 et
658 1252 720 1326 ipsa
741 1252 816 1310 iuter
829 1267 898 1310 reos
914 1259 999 1327 erat,
1012 1269 1049 1311 nc
1064 1268 1105 1309 su·

104 1334 275 1411 spitionibus
296 1334 410 1414 quidem
429 1334 575 1395 haerebat.
614 1332 713 1412 ltaque
733 1353 796 1394 curn
817 1332 852 1394 ad
874 1351 980 1394 nomen
1001 1336 1063 1395 eiua
1078 1336 1105 1392 iu

104 1428 229 1479 extrema
243 1421 357 1480 actione
372 1420 533 1494 venissem,
557 1417 666 1497 (neque
684 1420 757 1478 enim
777 1427 808 1478 ut
827 1419 908 1478 initio
924 1419 969 1479 sic
985 1419 1105 1478 etiamiu

104 1502 159 1562 dne
173 1504 329 1563 verendum
350 1512 410 1563 crat
429 1521 466 1562 ne
488 1520 542 1580 per
561 1502 617 1562 hcc
637 1502 724 1563 totius
744 1502 934 1562 accusationis
956 1502 1134 1562 aucteritaslt

103 1586 292 1665 minueretur)
308 1587 537 1646 honestissimum
558 1584 665 1646 credidi
687 1604 744 1646 nou
761 1603 897 1665 premere
912 1587 1103 1659 inmorantem,

61 1669 191 1746 alitque
205 1670 297 1747 ipsum
318 1668 375 1728 diri
397 1678 427 1728 et
447 1668 538 1730 libere
554 1679 584 1729 et
597 1668 685 1730 varie.
707 1668 779 1728 Nam
794 1668 879 1729 modo
894 1668 1010 1748 legatos
1025 1671 1105 1729 inter·

104 1753 238 1828 rogabam
255 1751 457 1811 docuissentne
477 1771 523 1813 mc
545 1752 651 1832 aliquid
667 1753 743 1832 quod
757 1771 790 1812 re
805 1754 923 1832 probari
936 1771 1029 1832 posse
1043 1771 1104 1814 cou-

104 1834 241 1909 flderent,
263 1835 347 1896 modo
370 1836 518 1896 consilium
538 1855 555 1897 a
574 1847 674 1898 senatu
689 1838 822 1915 petebam
837 1847 989 1917 putaretne
1003 1838 1104 1899 debers

103 1937 165 1994 me,
181 1919 207 1977 si
222 1937 303 1998 quam
318 1919 451 1980 haberem
466 1922 494 1981 in
508 1920 629 1981 dicendo
645 1920 823 1999 facultatem,
844 1921 873 1980 in
887 1922 1017 2000 iugulum
1030 1923 1136 1986 innon]

105 2003 195 2063 centis
217 2003 297 2082 quasi
319 2003 407 2065 telum
428 2001 543 2083 aliquod
559 2003 722 2072 intendere;
743 2014 891 2084 postremo
906 2015 999 2066 totum
1011 2005 1104 2066 lucum

104 2087 160 2148 hoc
180 2087 236 2147 fine
251 2088 380 2149 conclusi
399 2088 489 2149 ‘dicet
509 2086 612 2166 aliquis
632 2086 745 2148 Iudicas
767 2085 859 2166 ergo?
881 2106 939 2166 ego
961 2107 1034 2150 vero
1054 2105 1104 2148 nou

61 2171 210 2248 ttiudico,
226 2173 339 2232 memini
352 2182 446 2232 tamen
460 2190 505 2231 me
520 2171 688 2233 advocatum
704 2190 742 2232 ex
755 2172 896 2232 iudicibus
911 2173 1029 2233 datum’
1056 2171 1104 2232 llic

104 2255 353 2315 numerosissimae
365 2272 467 2314 causae
479 2256 614 2317 terminus
625 2255 688 2333 luit,
701 2255 869 2335 quibusdam
879 2257 1031 2333 absolutis,
1046 2255 1103 2335 plu-

104 2338 182 2397 ribus
198 2337 332 2397 damnatis
352 2346 437 2417 atque
453 2341 536 2400 etiam
556 2338 710 2417 relegatis,
732 2341 794 2401 aliis
815 2342 844 2400 iu
864 2349 979 2420 tempus
1001 2341 1064 2401 aliis
1077 2340 1136 2399 ‘nm

60 2429 286 2504 ¹atparpetuum.
314 2419 424 2484 llotlem
444 2423 706 2485 senatusconsulto
725 2424 861 2485 industria
882 2424 955 2485 fides
978 2432 1104 2485 constan-

105 2504 143 2563 tia
155 2513 251 2564 nostra
265 2504 431 2584 plenissimo
445 2507 607 2568 testimonio
620 2508 793 2587 conprobata
804 2518 860 2585 est,
876 2509 993 2587 dignum
1003 2508 1105 2569 solum·

61 2595 98 2651 24
107 2606 163 2668 que
177 2605 229 2667 par
243 2591 362 2667 pretium
376 2592 446 2651 tanti
456 2591 571 2651 laboris.
593 2588 757 2669 Concipere
769 2593 862 2652 auimo
875 2602 963 2672 potes
975 2610 1059 2672 quam
1069 2591 1105 2650 si·

102 2689 165 2732 mus
181 2672 300 2751 fatigati,
317 2675 419 2753 quibus
434 2676 539 2736 totiens
554 2673 704 2752 agendum,
721 2676 827 2736 totiens
840 2675 1105 2753 altercandum,tan

61 2765 96 2820 25
106 2756 184 2818 multi
198 2766 289 2818 testes
305 2759 497 2836 interrogandi
518 2758 685 2819 sublevandi
704 2759 854 2820 refutandi.
884 2759 942 2820 lam
952 2761 1007 2821 illa
1022 2769 1139 2840 wanti

105 2840 200 2918 ardua,
213 2861 297 2921 quam
309 2843 443 2920 molesta,
461 2850 504 2903 tot
510 2859 625 2902 reorum
636 2844 733 2903 amicis
746 2853 863 2909 secreto
875 2845 1044 2922 rogantibus
1057 2861 1104 2902 ne·

104 2941 185 3003 gare,
201 2925 417 2988 aduersantibus
429 2927 522 3006 palam
535 2926 691 2989 obsistere!
706 2926 840 2988 Referam
852 2947 937 2988 uarum
949 2927 1058 3008 aliquld
1071 2943 1106 2987 ex

102 3007 219 3087 itaquae
232 3011 298 3071 dixi.
315 3008 389 3071 (ium
401 3011 468 3093 milui
476 3008 592 3088 quidam
604 3029 620 3070 e
632 3010 772 3070 iudicibus
783 3011 855 3090 ipsis
868 3030 919 3090 pro
934 3029 987 3072 reo
1002 3012 1104 3091 gratio·

105 3093 218 3153 sissimo
233 3093 431 3171 reclamarent,
448 3101 515 3153 ‘uon
530 3095 635 3160 minus?
648 3096 760 3174 inquam
775 3096 834 3155 <bic
848 3098 988 3157 innocens
1002 3096 1066 3170 erit,
1082 3093 1105 3152 si

44 3182 162 3253 'diega
177 3178 268 3236 omnia
290 3176 411 3237 dixero!
434 3174 617 3237 Coniectabis
634 3197 671 3245 ex
689 3179 746 3238 boc
762 3189 879 3258 quantas
895 3181 1138 3254 contentiones&

104 3266 220 3337 quantas
236 3260 320 3319 etiam
334 3261 458 3320 cllensas
471 3262 651 3337 subierimus,
668 3263 808 3322 dumtaxat
820 3264 858 3323 ad
872 3265 962 3324 breve
977 3273 1104 3343 tempus:

102 3359 167 3400 uam
182 3343 253 3403 lides
267 3343 296 3402 in
311 3346 472 3422 praesentia
488 3363 539 3405 eos
555 3347 656 3423 quibus
670 3347 778 3406 resistit
793 3347 929 3423 ollendit,
952 3347 1055 3407 deiude
1069 3344 1103 3405 ab

99 3423 160 3483 illis
179 3426 251 3504 ipsis
270 3427 428 3507 suspicitur
448 3427 645 3508 laudaturque.
673 3429 741 3488 Non
753 3432 838 3505 potui
852 3431 944 3506 magis
958 3440 989 3490 te
1002 3431 1031 3490 in
1044 3445 1104 3491 rem
