2400 3840
345 197 610 260 PANEGYRlctts
632 209 676 262 to.
690 209 733 263 41.
746 211 791 266 42.
803 210 848 263 ss.
1038 199 1103 264 263

25 374 33 412 .·
98 367 146 410 res
161 348 248 410 babet
262 350 408 428 frugalitas
422 351 558 430 principis
573 360 604 410 ut
622 360 663 412 tot
685 351 842 431 inpendiis,
868 362 911 414 tot
931 353 1102 432 erogationi·

100 434 152 493 bus
166 433 229 494 sola
241 431 384 495 sufficiat?
397 433 469 494 Nam
480 433 548 513 quid
560 444 606 494 est
617 450 729 496 causae
742 453 792 495 cnr
809 435 872 496 aliis
891 436 1021 514 quidern,
1039 455 1102 497 cunr

100 517 191 577 omnia
204 527 337 595 raperent
352 527 380 578 et
393 528 474 596 rapta
487 519 659 594 retinerent,
686 527 716 578 ut
729 519 756 577 si
768 517 837 578 nibil
850 522 1026 597 rapuissent,
1052 519 1102 581 de·

99 600 205 660 luerint
220 603 328 678 omnia,
357 602 425 678 tibi,
451 620 516 662 curn
532 611 588 662 tam
601 599 687 661 multa
701 601 829 679 largiaris
846 611 876 662 et
889 602 958 661 nihil
976 603 1100 680 auferas,

73 684 191 752 somnia
211 682 376 763 supersint?
399 683 556 764 Numquam
577 686 754 763 principibus
776 684 928 745 defuerunt
941 688 990 764 qui
1008 686 1101 749 ironte

98 769 171 827 tristi
186 776 216 851 ot
229 770 308 844 graui
319 767 476 847 supercilio
488 768 652 829 utilitatibus
664 768 726 831 iaci
739 771 942 830 contumaciter
957 769 1102 830 adessent.

98 849 136 910 Et
149 860 228 911 erant
240 853 386 930 principes
397 852 453 931 ipsi
466 870 518 912 sna
529 861 632 931 sponte
646 851 720 912 aridi
731 860 762 912 et
772 869 892 931 rapaces
907 861 936 914 et
951 855 1000 932 qui
1014 855 1101 931 inagi-

99 935 165 993 stris
180 951 236 993 non
251 941 388 1012 egerent;'
400 935 481 1015 plura
495 945 712 1014 tamensempen
725 936 835 996 anobis
851 945 949 997 contra
962 954 1015 997 nos
1031 937 1101 997 didi·

100 1026 208 1077 cerunt.
237 1017 295 1078 Sed
308 1019 344 1079 ad
357 1029 419 1080 tuas
434 1037 517 1080 aures
534 1037 598 1080 cum
613 1023 718 1080 ceteris
735 1021 866 1080 omuibus
880 1030 938 1081 turn
952 1019 1001 1080 vel
1014 1021 1101 1080 naxi-

57 1112 143 1163 lome
164 1103 255 1163 avaris
277 1101 482 1164 adulationibus
504 1103 666 1164 obstructus
682 1112 728 1164 est
741 1102 842 1165 aditus.
879 1103 971 1166 Silent
985 1121 1056 1182 ergo
1071 1113 1101 1164 et

99 1186 267 1262 quiescunt,
295 1196 324 1247 et
341 1196 491 1267 postquam
510 1198 627 1249 nonest
647 1189 693 1248 cui
708 1187 875 1264 suadeatur,
903 1190 950 1266 qui
966 1187 1101 1248 suadeant

98 1283 154 1325 non
168 1276 243 1327 suut.
266 1268 331 1341 Quo
348 1273 444 1331 evenit
457 1280 503 1347 ut,
521 1271 743 1350 cumplurimum
759 1273 808 1332 tibi
824 1288 876 1349 pro
891 1273 963 1349 tuis,
979 1271 1046 1350 plus
1060 1280 1101 1330 ta·

98 1369 163 1410 nien
179 1367 232 1429 pro
248 1354 353 1412 nostris
366 1355 490 1414 moribus
506 1351 669 1414 debeamus.

158 1433 383 1513 locupletabant
403 1445 432 1496 et
454 1437 554 1496 liscum
568 1446 598 1497 et
613 1438 750 1497 aerarium
766 1455 822 1497 non
837 1447 895 1498 tam
907 1436 1052 1497 Voconiae
1070 1447 1099 1499 ct
1110 1439 1151 1502 42

57 1535 89 1587 15
99 1517 187 1579 luliae
201 1518 286 1596 leges
298 1536 380 1598 quam
393 1520 545 1580 maiestatis
557 1520 700 1597 singulare
712 1529 741 1580 et
757 1522 867 1580 unicum
882 1522 988 1580 crimen
1003 1537 1102 1580 eorum

100 1603 148 1681 qui
163 1604 278 1663 crimine
291 1610 434 1664 vacarent.
455 1601 544 1663 Huius
560 1612 711 1664 tumetum
726 1605 841 1682 penitus
857 1603 1015 1681 suetudisti,
1031 1621 1101 1664 con·

98 1696 193 1747 tentus
212 1687 421 1765 magnitudine,
449 1705 503 1765 qua
524 1687 594 1747 nulli
609 1689 698 1765 magis
714 1696 864 1747 carnerunt
884 1704 967 1770 quam
983 1688 1030 1767 qui
1046 1688 1100 1748 sibi

97 1771 272 1831 maiestatem
286 1771 473 1832 vindicabant.
499 1771 620 1831 Reddita
640 1780 685 1831 est
700 1771 797 1830 amicis
813 1769 902 1849 idas,
924 1770 1022 1831 liberis
1039 1772 1100 1850 pic·

98 1861 158 1930 tas,
180 1854 350 1933 obsequium
364 1855 472 1916 servis:
492 1862 627 1914 verentur
641 1862 671 1914 et
685 1863 784 1931 parent
799 1863 826 1914 et
843 1853 970 1915 dominos
986 1855 1099 1915 babent.

55 1935 162 2000 sutton
178 1939 251 1997 onim
266 1940 321 1998 iam
334 1940 410 1999 servi
427 1939 516 1998 nostri
530 1938 668 2016 principis
683 1938 775 2014 amici,
791 1936 844 1997 scd
854 1955 907 1998 nos
923 1956 1032 2016 sumus,
1046 1955 1102 1998 nec

97 2029 180 2097 pater
199 2023 306 2100 patriae
327 2021 427 2082 alienis
442 2040 476 2082 se
494 2020 642 2099 mancipiis
665 2023 803 2080 cariorem
819 2037 902 2099 quarn
917 2021 1026 2082 civibus
1041 2022 1100 2081 suis

99 2102 198 2164 credit.
230 2102 336 2165 Omnes
356 2113 523 2165 accusatore
543 2102 702 2164 domestico
722 2103 851 2163 liberasti
870 2119 985 2182 unoque
1001 2105 1100 2165 salutis

97 2185 230 2265 publicae
245 2190 328 2266 signo
342 2186 430 2264 illud,
454 2196 485 2247 ut
499 2189 542 2249 sic
557 2187 693 2264 dixerim,
709 2185 814 2248 servile
830 2185 936 2248 bellum
950 2186 1100 2247 sustulisti.

97 2269 130 2329 lu
145 2288 202 2349 quo
223 2289 279 2331 nou
299 2273 390 2332 minus
406 2256 498 2332 serris
519 2288 602 2349 quam
617 2271 735 2331 dominis
755 2272 933 2350 praestitisti:
959 2270 1012 2332 bos
1026 2271 1101 2331 enim
1163 2343 1174 2356 ο

55 2360 89 2411 25
98 2371 236 2432 securos,
250 2355 317 2416 illos
332 2356 424 2416 bonos
439 2355 546 2416 iecisti.
573 2354 637 2418 Nou
651 2357 695 2416 vis
709 2356 818 2416 interea
834 2355 955 2424 laudari;
969 2373 1024 2414 nec
1042 2353 1099 2414 ior·

97 2447 174 2498 tasse
189 2438 325 2500 laudanda
338 2442 407 2500 sint:
429 2448 509 2516 grata
524 2448 589 2500 sunt
603 2447 697 2499 tamen
712 2437 928 2500 recordantibus
942 2439 1101 2518 principem

97 2521 175 2581 illum
195 2524 223 2582 in
244 2525 335 2603 capita
354 2523 528 2585 dominorum
547 2541 649 2584 servos
671 2525 872 2584 subornantem
885 2531 1099 2584 monstrantem-

98 2623 154 2681 que
171 2608 285 2668 crimina
299 2625 371 2686 quae
387 2615 526 2687 amquam
540 2606 632 2669 delata
647 2610 774 2689 puniret:
793 2625 923 2685 magnum
938 2616 967 2667 et
981 2607 1100 2667 inevita-

97 2686 156 2746 bile
174 2706 208 2748 ac
224 2693 329 2750 totiens
347 2693 450 2771 cuique
470 2690 673 2771 experiendum
686 2691 803 2767 malum,
831 2691 963 2770 quotiens
978 2691 1099 2766 quisque

53 2770 206 2835 30similes
227 2775 348 2850 principi
369 2791 470 2836 servos
490 2775 617 2836 baberet.
652 2774 685 2835 In
699 2774 801 2835 eodem
814 2791 922 2851 genere
937 2771 1100 2850 ponendum
1109 2764 1150 2830 43

98 2855 240 2932 estquod
261 2865 429 2918 testamenta
445 2866 542 2917 nostra
561 2875 663 2917 secura
681 2865 763 2933 sunt,
791 2873 846 2916 nec
868 2874 940 2915 unus
965 2854 1097 2930 omnium,

97 2955 172 2997 nunc
187 2940 252 3015 quia
266 2941 402 3019 scriptus,
421 2958 495 2999 nunc
508 2940 572 3017 quia
587 2956 644 2999 non
657 2940 793 3017 scriptus,
808 2939 904 2998 heres.
923 2937 988 2999 Non
1001 2947 1032 2998 tu
1047 2935 1098 2996 fal·

97 3023 153 3097 sis,
181 3039 239 3082 nou
253 3032 283 3083 tu
297 3023 400 3102 iniquis
414 3023 516 3083 tabulis
531 3022 689 3084 advocatis.
723 3021 835 3082 Nullius
849 3021 884 3081 ad
899 3030 929 3082 te
943 3018 1098 3097 iracundia,

96 3104 202 3165 nullius
218 3106 358 3185 inpietas,
373 3105 476 3167 nullius
491 3107 569 3167 furor
584 3106 726 3185 coniugit;
741 3123 798 3166 nec.
808 3106 873 3184 quia
884 3104 1000 3165 offendit
1014 3103 1097 3178 alius,

53 3191 285 3268 35nuncuparis,
311 3189 365 3251 sed
379 3190 444 3269 quia
463 3192 526 3269 ipse
540 3191 676 3250 meruisti.
712 3187 854 3249 Scriberis
871 3189 906 3248 ab
920 3189 1034 3264 amicis,
1062 3186 1097 3247 ab

98 3276 204 3350 ignotis
218 3274 401 3352 praeteriris,
416 3272 542 3351 nihilque
557 3275 631 3334 inter
644 3273 782 3353 privatum
796 3281 827 3333 et
843 3272 1002 3351 prinoipem
1011 3273 1098 3330 inter·

98 3366 160 3433 est,
185 3358 240 3418 nisi
257 3357 334 3435 quod
355 3375 430 3417 nuuc
452 3356 611 3434 apluribus
633 3358 749 3416 amaris:
775 3365 883 3437 namet
899 3355 1097 3432 pluresamas.
1152 3407 1170 3436 ,‚

97 3437 193 3519 lene,
211 3438 333 3519 Caesar,
349 3440 423 3500 hunc
441 3458 570 3519 cursum,
589 3450 617 3501 et
632 3439 797 3518 probabitur
811 3439 1006 3519 experimento
1023 3437 1099 3496 sitne
