2400 3840
88 156 148 219 loo
507 151 540 214 G.
562 150 659 213 amni

86 318 174 370 strum
192 310 287 386 ‘pater
302 302 448 365 familiae’.
481 301 566 377 Quod
585 305 609 363 si
625 319 721 364 essem
734 312 835 364 nutura
847 303 980 382 asperior
993 312 1023 366 et
1039 301 1080 366 du·

86 393 153 466 rior,
171 389 315 466 mergeret
329 405 375 448 me
386 396 479 447 tamen
492 388 635 448 infirmitas
646 384 742 446 liberti
753 389 809 447 mei
822 385 942 464 Zosimi,
956 389 1003 448 cni
1015 397 1080 449 nnn

86 476 174 534 maior
188 473 342 532 humanitas
358 470 517 532 exbibenda
537 480 600 548 est,
627 478 732 548 quanto
747 488 823 530 nunc
837 469 887 530 illa
903 473 995 549 magis
1012 482 1081 549 eget.

59 556 176 618 bllomc
193 557 300 636 probus
312 554 459 617 oidciosns
475 553 629 623 litteratum
646 560 675 614 et
692 570 739 613 ars
758 551 873 632 quidem
889 555 954 615 eins
971 564 1002 614 et
1013 556 1083 633 quasi

85 641 234 720 inscriptio
256 640 428 716 comoedus,
449 639 478 697 in
498 655 552 716 qua
572 636 722 716 plurimum
735 636 814 698 facit.
839 633 913 696 llam
931 639 1100 718 pronuntietn

85 726 205 801 aeriter,
223 725 382 804 supienter,
396 730 480 801 apte,
502 722 639 782 docenter
652 721 749 788 etiam;
773 721 861 780 utitur
874 728 905 781 et
921 721 1029 782 cithara
1040 740 1084 801 pe·

85 810 156 885 rito,
178 807 251 869 ultra
273 824 355 886 quam
374 803 513 865 comoedo
533 822 657 865 neeesse
678 811 733 863 est.
764 801 920 864 Idem-tam
942 805 1084 865 commode

87 895 230 954 orationes
252 899 282 951 et
303 889 434 950 historias
456 896 485 946 et
507 889 630 947 carmina
644 886 714 963 legit
728 896 759 946 ut
774 885 831 946 boc
846 885 942 948 solum
956 887 1085 950 didicisse

60 976 222 1037 tvideatnr.
256 970 335 1032 llaec
354 970 404 1032 tibi
425 967 527 1030 sedulo
549 971 688 1048 exposui,
712 987 769 1048 qno
790 971 881 1047 magis
895 972 991 1033 scires
1010 988 1086 1050 quam

85 1058 171 1118 multa
185 1074 256 1116 unus
272 1053 338 1112 mibi
353 1062 383 1113 et
394 1070 476 1129 qnam
489 1053 608 1112 incunda
626 1054 779 1112 ministeria
795 1062 966 1132 praestaret.
998 1054 1117 1116 Acce-1⁰
1159 1060 1161 1069 '

86 1141 126 1199 dit
141 1140 227 1215 longa
245 1139 299 1197 iarn
319 1138 420 1196 caritas
443 1134 579 1213 hominis,
606 1154 688 1215 quam
708 1137 771 1215 ipsu
791 1135 922 1214 pericula
942 1147 1086 1199 auxerunt.

61 1221 138 1284 5Est
155 1224 229 1283 enim
245 1222 282 1280 ite
298 1228 395 1280 natura
410 1228 600 1299 comparatum
612 1230 643 1280 ut
656 1219 725 1279 nihil
741 1237 834 1297 aeque
850 1237 979 1282 amorem
993 1223 1086 1283 incitet

86 1315 117 1367 et
139 1305 276 1366 accendat
299 1322 381 1383 quam
402 1302 515 1364 carendi
528 1312 638 1381 metus,
655 1321 739 1383 quem
756 1320 813 1380 ego
831 1320 884 1383 pro
899 1303 959 1364 lroc
973 1323 1031 1365 non
1045 1324 1086 1366 se·

61 1391 142 1454 fimel
160 1392 261 1472 patior.
281 1387 352 1448 Nam
362 1396 429 1448 ante
445 1386 554 1467 aliquot
566 1405 673 1464 annos,
692 1385 757 1446 dum
770 1389 879 1447 intente
894 1389 1087 1467 instanterque

86 1476 257 1555 pronuntiat,
274 1473 439 1549 sangninem
453 1473 566 1549 reiecit,
578 1470 671 1549 adque
686 1471 724 1530 ob
738 1469 795 1530 boc
810 1471 1014 1550 inAegyptum
1025 1474 1121 1534 mis-15

87 1577 136 1620 sus
151 1576 167 1618 u
180 1577 238 1633 me,
255 1563 322 1634 post
342 1555 455 1631 longam
471 1555 728 1633 peregrinationem
744 1553 924 1615 confirmatus
940 1555 1027 1616 rediit
1042 1574 1088 1615 nn·

86 1659 153 1719 per:
169 1638 271 1699 deinde
287 1637 351 1697 dnm
372 1655 426 1716 per
442 1639 591 1703 continuos
603 1637 664 1698 dies
674 1639 756 1699 nimis
770 1639 891 1716 imperat
904 1639 989 1717 roci,
1010 1648 1088 1699 rete·

86 1725 126 1782 ris
136 1720 300 1781 infirmitatis
314 1718 452 1779 tussicula
465 1718 641 1798 admonitus,
663 1739 761 1782 rursus
776 1721 944 1799 sangninem
957 1722 1087 1783 reddidit.

61 1804 150 1877 tha
164 1822 201 1864 en
216 1819 301 1864 eausa
314 1800 452 1863 destinavi
471 1822 536 1863 enm
549 1806 662 1865 mittere
677 1805 706 1864 in
727 1804 842 1883 praedia
859 1812 907 1865 tua
920 1823 995 1882 qnae
1015 1805 1088 1866 Foro

86 1885 140 1947 luli
153 1885 295 1966 possides.
316 1885 418 1946 Audivi
433 1888 507 1947 enim
518 1896 547 1949 te
562 1904 652 1965 saepe
665 1887 839 1949 referentem
849 1907 918 1949 esse
929 1889 971 1949 ibi
982 1899 1012 1952 et
1023 1897 1127 1952 aeram

87 1970 230 2033 salubrem
257 1980 287 2032 et
308 1971 357 2033 lac
383 1971 521 2033 eiusmodi
544 1972 735 2033 curationibus
756 1970 1086 2034 accommodatissimum.

61 2056 170 2136 8Rogo
185 2073 255 2134 ergo
270 2057 379 2118 scribas
392 2057 448 2117 tuis
462 2065 493 2116 nt
509 2055 551 2116 illi
567 2055 651 2134 villa,
666 2064 697 2115 nt
715 2055 814 2116 domus
834 2064 946 2134 pateat,
969 2056 1089 2118 ollemnt

88 2144 170 2202 etiam
184 2142 340 2220 sumptibus
356 2142 435 2218 eius,
460 2142 484 2200 si
500 2140 566 2217 quid
581 2157 654 2218 opus
670 2140 738 2207 erit;
760 2140 814 2199 erit
830 2148 925 2198 autem
939 2155 1013 2217 opus
1030 2158 1088 2200 mo·

62 2226 162 2286 9dieo.
190 2223 244 2283 Est
258 2225 331 2283 enim
348 2231 403 2282 tam
420 2239 523 2300 parcns
539 2231 569 2282 et
585 2224 732 2283 continens
745 2230 775 2282 ut
789 2239 846 2282 non
860 2221 953 2283 solum
968 2222 1088 2285 delicias

86 2325 185 2367 verum
211 2307 294 2365 etiam
320 2305 510 2365 necessitates
538 2303 707 2367 valetudinis
733 2304 894 2383 frugalitate
924 2308 1087 2385 restringat.
1097 2309 1127 2364 25

86 2388 151 2466 Ego
169 2387 362 2467 proficiscenti
383 2394 489 2446 tantum
509 2389 605 2448 viatici
625 2387 697 2449 dabo
719 2398 850 2468 quantum
865 2388 991 2450 sufficiat
1011 2393 1088 2451 eunti

87 2474 115 2531 in
130 2481 186 2531 tua.
214 2469 296 2529 Vale.

387 2699 414 2755 C.
434 2603 659 2754 anmsxdilso
677 2701 738 2754 SUO
757 2700 783 2752 S.
1096 2731 1129 2785 3⁰

61 2814 77 2866 1
147 2804 252 2867 lterum
271 2804 383 2879 Bithyni
403 2803 492 2863 breve
514 2812 625 2881 tempus
648 2822 665 2864 a
685 2802 757 2863 lulio
779 2803 869 2864 Besso
883 2805 968 2864 etiam
983 2804 1090 2865 Rufum

85 2887 226 2948 Varenum
237 2886 437 2967 proconsulem
458 2886 635 2966 detulerunt,
655 2887 813 2964 Varenum,
836 2905 921 2965 quem
936 2907 1028 2968 nuper
1041 2888 1091 2950 ad·

60 2980 187 3032 aversus
208 2972 327 3031 Bassum
346 2971 514 3032 advocatum
533 2979 563 3031 et
585 2969 760 3050 postularant
781 2978 811 3030 et
828 2981 1013 3050 acceperant.
1044 2971 1090 3032 ln-

87 3053 165 3114 ducti
185 3055 214 3113 in
234 3064 361 3115 senatum
381 3055 590 3132 inquisitionem
611 3053 835 3134 postulaverunt.
864 3051 994 3115 Varenus
1016 3058 1089 3135 petit

86 3136 186 3197 nisibi
201 3152 316 3215 quoque
330 3136 504 3197 defensionis
520 3153 608 3197 eausa
621 3152 744 3197 evocare
759 3144 850 3197 testes
864 3136 982 3199 liceret:
1004 3149 1130 3205 recu-35

87 3219 213 3281 sentibus
227 3218 354 3294 Bithynis
371 3221 495 3297 cognitio
510 3226 646 3296 suscepta
663 3227 716 3278 est.
738 3217 793 3297 Egi
810 3235 863 3299 pro
878 3220 1010 3300 Vareno,
1031 3240 1089 3283 non

62 3306 148 3367 3sine
166 3310 284 3365 eventu:
299 3320 362 3361 nam
376 3302 452 3363 bene
467 3299 604 3377 annale,
621 3299 695 3360 liber
708 3301 850 3363 indicabit.
881 3302 913 3364 ln
927 3307 1088 3368 actionibus

87 3388 161 3448 anim
176 3395 321 3464 unmnqne
339 3386 367 3444 in
381 3393 490 3464 partem
505 3385 617 3444 fortuna
634 3382 803 3447 dominatur:
817 3385 933 3447 multum
945 3407 1090 3451 commen·
