<?xml version="1.0" encoding="UTF-8"?>
<!DOCTYPE html PUBLIC "-//W3C//DTD XHTML 1.0 Transitional//EN"
    "http://www.w3.org/TR/xhtml1/DTD/xhtml1-transitional.dtd">
<html xmlns="http://www.w3.org/1999/xhtml" xml:lang="en" lang="en">
 <head>
  <title>
</title>
<meta http-equiv="Content-Type" content="text/html;charset=utf-8" />
  <meta name='ocr-system' content='tesseract 3.04.00' />
  <meta name='ocr-capabilities' content='ocr_page ocr_carea ocr_par ocr_line ocrx_word'/>
</head>
<body>
  <div class='ocr_page' id='page_1' title='image "./cplinicaecilise01plingoog_0296.png"; bbox 0 0 2400 3840; ppageno 0'>
   <div class='ocr_carea' id='block_1_1' title="bbox 397 198 1114 264">
    <p class='ocr_par' dir='ltr' id='par_1_1' title="bbox 397 198 1114 264">
     <span class='ocr_line' id='line_1_1' title="bbox 397 198 1114 264; baseline 0.006 -5"><span class='ocrx_word' id='word_1_1' title='bbox 397 198 661 261; x_wconf 73' lang='lat' dir='ltr'><strong>PANEGYltthS</strong></span> <span class='ocrx_word' id='word_1_2' title='bbox 678 210 822 262; x_wconf 77' lang='lat'><strong>50.51.52.</strong></span> <span class='ocrx_word' id='word_1_3' title='bbox 1050 199 1114 264; x_wconf 78' lang='lat'><strong>269</strong></span> 
     </span>
    </p>
   </div>
   <div class='ocr_carea' id='block_1_2' title="bbox 55 349 1199 3366">
    <p class='ocr_par' dir='ltr' id='par_1_2' title="bbox 57 349 1161 1523">
     <span class='ocr_line' id='line_1_2' title="bbox 101 349 1112 433; baseline 0.001 -19"><span class='ocrx_word' id='word_1_4' title='bbox 101 361 161 414; x_wconf 90' lang='lat' dir='ltr'><strong>erat</strong></span> <span class='ocrx_word' id='word_1_5' title='bbox 181 349 256 433; x_wconf 92' lang='lat' dir='ltr'><strong>apud</strong></span> <span class='ocrx_word' id='word_1_6' title='bbox 276 354 435 432; x_wconf 91' lang='lat' dir='ltr'><strong>principem</strong></span> <span class='ocrx_word' id='word_1_7' title='bbox 455 352 522 413; x_wconf 90' lang='lat' dir='ltr'><strong>huic</strong></span> <span class='ocrx_word' id='word_1_8' title='bbox 543 352 635 412; x_wconf 80' lang='lat' dir='ltr'><strong>laxior</strong></span> <span class='ocrx_word' id='word_1_9' title='bbox 653 352 769 431; x_wconf 90' lang='lat' dir='ltr'><strong>domus,</strong></span> <span class='ocrx_word' id='word_1_10' title='bbox 801 352 842 413; x_wconf 93' lang='lat' dir='ltr'><strong>illi</strong></span> <span class='ocrx_word' id='word_1_11' title='bbox 862 355 1009 415; x_wconf 85' lang='lat' dir='ltr'><strong>amoenior</strong></span> <span class='ocrx_word' id='word_1_12' title='bbox 1028 353 1112 423; x_wconf 82' lang='lat' dir='ltr'><strong>villa:</strong></span> 
     </span>
     <span class='ocr_line' id='line_1_3' title="bbox 101 436 1112 518; baseline 0.005 -22"><span class='ocrx_word' id='word_1_13' title='bbox 101 455 175 496; x_wconf 90' lang='lat' dir='ltr'><strong>nunc</strong></span> <span class='ocrx_word' id='word_1_14' title='bbox 197 439 332 516; x_wconf 88' lang='lat' dir='ltr'><strong>princeps</strong></span> <span class='ocrx_word' id='word_1_15' title='bbox 355 439 383 497; x_wconf 90' lang='lat' dir='ltr'><strong>in</strong></span> <span class='ocrx_word' id='word_1_16' title='bbox 398 438 471 499; x_wconf 91' lang='lat' dir='ltr'><strong>haec</strong></span> <span class='ocrx_word' id='word_1_17' title='bbox 487 436 588 497; x_wconf 89' lang='lat' dir='ltr'><strong>eadem</strong></span> <span class='ocrx_word' id='word_1_18' title='bbox 604 436 733 498; x_wconf 89' lang='lat' dir='ltr'><strong>dominos</strong></span> <span class='ocrx_word' id='word_1_19' title='bbox 749 438 877 515; x_wconf 85' lang='lat' dir='ltr'><strong>quaerit,</strong></span> <span class='ocrx_word' id='word_1_20' title='bbox 905 441 969 518; x_wconf 91' lang='lat' dir='ltr'><strong>ipse</strong></span> <span class='ocrx_word' id='word_1_21' title='bbox 989 438 1112 500; x_wconf 77' lang='lat' dir='ltr'>inducit:</span> 
     </span>
     <span class='ocr_line' id='line_1_4' title="bbox 99 519 1113 601; baseline 0.003 -22"><span class='ocrx_word' id='word_1_22' title='bbox 99 522 181 599; x_wconf 91' lang='lat' dir='ltr'><strong>ipsos</strong></span> <span class='ocrx_word' id='word_1_23' title='bbox 195 519 263 581; x_wconf 91' lang='lat' dir='ltr'><strong>illos</strong></span> <span class='ocrx_word' id='word_1_24' title='bbox 281 523 374 600; x_wconf 78' lang='lat' dir='ltr'><strong>magni</strong></span> <span class='ocrx_word' id='word_1_25' title='bbox 389 519 540 600; x_wconf 84' lang='lat' dir='ltr'><strong>aliquando</strong></span> <span class='ocrx_word' id='word_1_26' title='bbox 552 522 732 599; x_wconf 88' lang='lat' dir='ltr'><strong>imperatoris</strong></span> <span class='ocrx_word' id='word_1_27' title='bbox 749 519 866 597; x_wconf 85' lang='lat' dir='ltr'><strong>lrortos,</strong></span> <span class='ocrx_word' id='word_1_28' title='bbox 882 520 952 581; x_wconf 91' lang='lat' dir='ltr'><strong>illud</strong></span> <span class='ocrx_word' id='word_1_29' title='bbox 963 540 1113 601; x_wconf 82' lang='lat' dir='ltr'><strong>numquam</strong></span> 
     </span>
     <span class='ocr_line' id='line_1_5' title="bbox 99 602 1113 684; baseline 0.003 -21"><span class='ocrx_word' id='word_1_30' title='bbox 99 606 155 666; x_wconf 91' lang='lat' dir='ltr'><strong>nisi</strong></span> <span class='ocrx_word' id='word_1_31' title='bbox 171 602 303 667; x_wconf 78' lang='lat' dir='ltr'><strong>caesaris</strong></span> <span class='ocrx_word' id='word_1_32' title='bbox 319 607 511 666; x_wconf 87' lang='lat' dir='ltr'><strong>suburbanum</strong></span> <span class='ocrx_word' id='word_1_33' title='bbox 524 604 661 683; x_wconf 90' lang='lat' dir='ltr'><strong>lieemur,</strong></span> <span class='ocrx_word' id='word_1_34' title='bbox 683 606 819 683; x_wconf 79' lang='lat' dir='ltr'><strong>emimus,</strong></span> <span class='ocrx_word' id='word_1_35' title='bbox 841 605 994 684; x_wconf 75' lang='lat' dir='ltr'><strong>implemus.</strong></span> <span class='ocrx_word' id='word_1_36' title='bbox 1026 606 1113 668; x_wconf 87' lang='lat' dir='ltr'><strong>Tanta</strong></span> 
     </span>
     <span class='ocr_line' id='line_1_6' title="bbox 74 689 1112 770; baseline 0.004 -22"><span class='ocrx_word' id='word_1_37' title='bbox 74 689 261 766; x_wconf 84' lang='lat' dir='ltr'><strong>5benignitas</strong></span> <span class='ocrx_word' id='word_1_38' title='bbox 282 691 439 770; x_wconf 87' lang='lat' dir='ltr'><strong>principis,</strong></span> <span class='ocrx_word' id='word_1_39' title='bbox 462 699 540 750; x_wconf 86' lang='lat' dir='ltr'><strong>tanta</strong></span> <span class='ocrx_word' id='word_1_40' title='bbox 556 690 698 750; x_wconf 75' lang='lat' dir='ltr'><strong>securitas</strong></span> <span class='ocrx_word' id='word_1_41' title='bbox 713 699 874 769; x_wconf 88' lang='lat' dir='ltr'><strong>tempomm</strong></span> <span class='ocrx_word' id='word_1_42' title='bbox 889 699 935 751; x_wconf 89' lang='lat' dir='ltr'><strong>est</strong></span> <span class='ocrx_word' id='word_1_43' title='bbox 949 700 980 750; x_wconf 89' lang='grc' dir='ltr'><strong>ιιι</strong></span> <span class='ocrx_word' id='word_1_44' title='bbox 994 689 1044 751; x_wconf 91' lang='lat' dir='ltr'><strong>ille</strong></span> <span class='ocrx_word' id='word_1_45' title='bbox 1059 709 1112 752; x_wconf 92' lang='lat' dir='ltr'><strong>nos</strong></span> 
     </span>
     <span class='ocr_line' id='line_1_7' title="bbox 100 773 1113 854; baseline 0.003 -22"><span class='ocrx_word' id='word_1_46' title='bbox 100 773 306 852; x_wconf 85' lang='lat' dir='ltr'><strong>principalibus</strong></span> <span class='ocrx_word' id='word_1_47' title='bbox 320 775 408 834; x_wconf 92' lang='lat' dir='ltr'><strong>rebus</strong></span> <span class='ocrx_word' id='word_1_48' title='bbox 425 775 568 833; x_wconf 80' lang='lat' dir='ltr'><strong>existimet</strong></span> <span class='ocrx_word' id='word_1_49' title='bbox 585 773 704 851; x_wconf 79' lang='lat' dir='ltr'><strong>dignos,</strong></span> <span class='ocrx_word' id='word_1_50' title='bbox 720 791 775 834; x_wconf 93' lang='lat' dir='ltr'><strong>nos</strong></span> <span class='ocrx_word' id='word_1_51' title='bbox 788 790 844 833; x_wconf 97' lang='lat' dir='ltr'><strong>non</strong></span> <span class='ocrx_word' id='word_1_52' title='bbox 856 776 1020 853; x_wconf 88' lang='lat' dir='ltr'><strong>timeamus,</strong></span> <span class='ocrx_word' id='word_1_53' title='bbox 1036 775 1113 854; x_wconf 89' lang='lat' dir='ltr'><strong>quod</strong></span> 
     </span>
     <span class='ocr_line' id='line_1_8' title="bbox 100 855 1111 934; baseline 0.001 -18"><span class='ocrx_word' id='word_1_54' title='bbox 100 857 177 934; x_wconf 84' lang='lat' dir='ltr'><strong>digni</strong></span> <span class='ocrx_word' id='word_1_55' title='bbox 196 876 263 917; x_wconf 91' lang='lat' dir='ltr'><strong>esse</strong></span> <span class='ocrx_word' id='word_1_56' title='bbox 278 859 417 918; x_wconf 89' lang='lat' dir='ltr'><strong>videmur.</strong></span> <span class='ocrx_word' id='word_1_57' title='bbox 451 855 514 916; x_wconf 89' lang='lat' dir='ltr'><strong>Nec</strong></span> <span class='ocrx_word' id='word_1_58' title='bbox 529 875 600 918; x_wconf 85' lang='lat' dir='ltr'><strong>vero</strong></span> <span class='ocrx_word' id='word_1_59' title='bbox 616 858 728 918; x_wconf 89' lang='lat' dir='ltr'><strong>emendi</strong></span> <span class='ocrx_word' id='word_1_60' title='bbox 743 865 849 917; x_wconf 90' lang='lat' dir='ltr'><strong>tantum</strong></span> <span class='ocrx_word' id='word_1_61' title='bbox 863 860 974 919; x_wconf 77' lang='lat' dir='ltr'><strong>civibus</strong></span> <span class='ocrx_word' id='word_1_62' title='bbox 991 860 1046 919; x_wconf 91' lang='lat' dir='ltr'><strong>tuis</strong></span> <span class='ocrx_word' id='word_1_63' title='bbox 1062 876 1111 918; x_wconf 92' lang='lat' dir='ltr'><strong>eo·</strong></span> 
     </span>
     <span class='ocr_line' id='line_1_9' title="bbox 99 940 1111 1020; baseline 0.003 -21"><span class='ocrx_word' id='word_1_64' title='bbox 99 943 174 1020; x_wconf 86' lang='lat' dir='ltr'><strong>piam</strong></span> <span class='ocrx_word' id='word_1_65' title='bbox 188 941 322 1020; x_wconf 80' lang='lat' dir='ltr'><strong>praebes,</strong></span> <span class='ocrx_word' id='word_1_66' title='bbox 340 941 393 1002; x_wconf 92' lang='lat' dir='ltr'><strong>sed</strong></span> <span class='ocrx_word' id='word_1_67' title='bbox 407 942 605 1002; x_wconf 87' lang='lat' dir='ltr'><strong>amoenissima</strong></span> <span class='ocrx_word' id='word_1_68' title='bbox 621 959 752 1020; x_wconf 87' lang='lat' dir='ltr'><strong>quaeque</strong></span> <span class='ocrx_word' id='word_1_69' title='bbox 764 941 876 1019; x_wconf 79' lang='lat' dir='ltr'><strong>largiris</strong></span> <span class='ocrx_word' id='word_1_70' title='bbox 888 951 917 1002; x_wconf 88' lang='lat' dir='ltr'><strong>et</strong></span> <span class='ocrx_word' id='word_1_71' title='bbox 928 940 1032 1011; x_wconf 87' lang='lat' dir='ltr'><strong>donas;</strong></span> <span class='ocrx_word' id='word_1_72' title='bbox 1046 944 1111 1020; x_wconf 88' lang='lat' dir='ltr'><strong>ista,</strong></span> 
     </span>
     <span class='ocr_line' id='line_1_10' title="bbox 98 1023 1112 1104; baseline 0.005 -21"><span class='ocrx_word' id='word_1_73' title='bbox 98 1027 229 1103; x_wconf 83' lang='lat' dir='ltr'><strong>inquam,</strong></span> <span class='ocrx_word' id='word_1_74' title='bbox 253 1024 342 1087; x_wconf 89' lang='lat' dir='ltr'><strong>donas</strong></span> <span class='ocrx_word' id='word_1_75' title='bbox 363 1027 392 1084; x_wconf 92' lang='lat' dir='ltr'><strong>in</strong></span> <span class='ocrx_word' id='word_1_76' title='bbox 413 1043 486 1104; x_wconf 87' lang='lat' dir='ltr'><strong>quae</strong></span> <span class='ocrx_word' id='word_1_77' title='bbox 500 1023 630 1103; x_wconf 87' lang='lat' dir='ltr'><strong>electus,</strong></span> <span class='ocrx_word' id='word_1_78' title='bbox 654 1027 682 1085; x_wconf 93' lang='lat' dir='ltr'><strong>in</strong></span> <span class='ocrx_word' id='word_1_79' title='bbox 697 1043 771 1104; x_wconf 86' lang='lat' dir='ltr'><strong>quae</strong></span> <span class='ocrx_word' id='word_1_80' title='bbox 785 1025 936 1104; x_wconf 89' lang='lat' dir='ltr'><strong>adoptatus</strong></span> <span class='ocrx_word' id='word_1_81' title='bbox 952 1045 1001 1088; x_wconf 89' lang='lat' dir='ltr'><strong>es:</strong></span> <span class='ocrx_word' id='word_1_82' title='bbox 1022 1036 1112 1088; x_wconf 75' lang='lat' dir='ltr'><strong>mans·</strong></span> 
     </span>
     <span class='ocr_line' id='line_1_11' title="bbox 57 1107 1113 1189; baseline 0.003 -22"><span class='ocrx_word' id='word_1_83' title='bbox 57 1108 159 1175; x_wconf 80' lang='lat' dir='ltr'><strong>lolers</strong></span> <span class='ocrx_word' id='word_1_84' title='bbox 181 1108 257 1187; x_wconf 87' lang='lat' dir='ltr'><strong>quod</strong></span> <span class='ocrx_word' id='word_1_85' title='bbox 277 1111 382 1170; x_wconf 91' lang='lat' dir='ltr'><strong>iudicio</strong></span> <span class='ocrx_word' id='word_1_86' title='bbox 404 1111 561 1188; x_wconf 87' lang='lat' dir='ltr'><strong>accepisti,</strong></span> <span class='ocrx_word' id='word_1_87' title='bbox 585 1127 619 1169; x_wconf 89' lang='lat' dir='ltr'><strong>ac</strong></span> <span class='ocrx_word' id='word_1_88' title='bbox 633 1107 703 1168; x_wconf 90' lang='lat' dir='ltr'><strong>nibil</strong></span> <span class='ocrx_word' id='word_1_89' title='bbox 719 1111 809 1187; x_wconf 76' lang='lat' dir='ltr'><strong>magis</strong></span> <span class='ocrx_word' id='word_1_90' title='bbox 826 1119 902 1169; x_wconf 89' lang='lat' dir='ltr'><strong>taum</strong></span> <span class='ocrx_word' id='word_1_91' title='bbox 919 1110 1014 1171; x_wconf 90' lang='lat' dir='ltr'><strong>credis</strong></span> <span class='ocrx_word' id='word_1_92' title='bbox 1030 1128 1113 1189; x_wconf 68' lang='grc' dir='ltr'>ιῑιιιιιιι</span> 
     </span>
     <span class='ocr_line' id='line_1_12' title="bbox 100 1192 484 1271; baseline 0 -20"><span class='ocrx_word' id='word_1_93' title='bbox 100 1192 179 1271; x_wconf 89' lang='lat' dir='ltr'><strong>quod</strong></span> <span class='ocrx_word' id='word_1_94' title='bbox 193 1211 247 1270; x_wconf 90' lang='lat' dir='ltr'><strong>per</strong></span> <span class='ocrx_word' id='word_1_95' title='bbox 261 1196 367 1254; x_wconf 89' lang='lat' dir='ltr'><strong>amicos</strong></span> <span class='ocrx_word' id='word_1_96' title='bbox 382 1192 484 1253; x_wconf 83' lang='lat' dir='ltr'><strong>habes.</strong></span> 
     </span>
     <span class='ocr_line' id='line_1_13' title="bbox 161 1271 1161 1356; baseline 0.005 -23"><span class='ocrx_word' id='word_1_97' title='bbox 161 1274 240 1334; x_wconf 89' lang='lat' dir='ltr'><strong>Idem</strong></span> <span class='ocrx_word' id='word_1_98' title='bbox 260 1285 316 1336; x_wconf 90' lang='lat' dir='ltr'><strong>tam</strong></span> <span class='ocrx_word' id='word_1_99' title='bbox 338 1294 442 1356; x_wconf 87' lang='lat' dir='ltr'><strong>parcus</strong></span> <span class='ocrx_word' id='word_1_100' title='bbox 460 1277 489 1334; x_wconf 91' lang='lat' dir='ltr'><strong>in</strong></span> <span class='ocrx_word' id='word_1_101' title='bbox 509 1275 685 1336; x_wconf 85' lang='lat' dir='ltr'><strong>aedificando</strong></span> <span class='ocrx_word' id='word_1_102' title='bbox 707 1294 790 1355; x_wconf 82' lang='lat' dir='ltr'><strong>quum</strong></span> <span class='ocrx_word' id='word_1_103' title='bbox 810 1276 934 1354; x_wconf 81' lang='lat' dir='ltr'><strong>diligens</strong></span> <span class='ocrx_word' id='word_1_104' title='bbox 950 1281 978 1337; x_wconf 94' lang='lat' dir='ltr'><strong>in</strong></span> <span class='ocrx_word' id='word_1_105' title='bbox 994 1279 1107 1338; x_wconf 90' lang='lat' dir='ltr'><strong>tuendo.</strong></span> <span class='ocrx_word' id='word_1_106' title='bbox 1122 1271 1161 1338; x_wconf 84' lang='lat'><strong>51</strong></span> 
     </span>
     <span class='ocr_line' id='line_1_14' title="bbox 100 1357 1111 1436; baseline 0.006 -20"><span class='ocrx_word' id='word_1_107' title='bbox 100 1357 200 1436; x_wconf 86' lang='lat' dir='ltr'><strong>ltaque</strong></span> <span class='ocrx_word' id='word_1_108' title='bbox 216 1375 290 1436; x_wconf 89' lang='lat' dir='ltr'><strong>non,</strong></span> <span class='ocrx_word' id='word_1_109' title='bbox 307 1369 337 1418; x_wconf 93' lang='lat' dir='ltr'><strong>ut</strong></span> <span class='ocrx_word' id='word_1_110' title='bbox 352 1367 434 1436; x_wconf 81' lang='grc' dir='ltr'>ειιιε,</span> <span class='ocrx_word' id='word_1_111' title='bbox 451 1360 600 1418; x_wconf 89' lang='lat' dir='ltr'><strong>inmanium</strong></span> <span class='ocrx_word' id='word_1_112' title='bbox 611 1361 823 1420; x_wconf 77' lang='lat' dir='ltr'><strong>transvectione</strong></span> <span class='ocrx_word' id='word_1_113' title='bbox 835 1377 968 1421; x_wconf 85' lang='lat' dir='ltr'><strong>saxorum</strong></span> <span class='ocrx_word' id='word_1_114' title='bbox 978 1363 1056 1422; x_wconf 91' lang='lat' dir='ltr'><strong>urbis</strong></span> <span class='ocrx_word' id='word_1_115' title='bbox 1068 1372 1111 1422; x_wconf 88' lang='lat' dir='ltr'><strong>te·</strong></span> 
     </span>
     <span class='ocr_line' id='line_1_15' title="bbox 101 1441 1110 1523; baseline 0.004 -21"><span class='ocrx_word' id='word_1_116' title='bbox 101 1451 146 1502; x_wconf 86' lang='lat' dir='ltr'><strong>cta</strong></span> <span class='ocrx_word' id='word_1_117' title='bbox 162 1444 332 1520; x_wconf 86' lang='lat' dir='ltr'><strong>quatiuntur.</strong></span> <span class='ocrx_word' id='word_1_118' title='bbox 361 1443 440 1503; x_wconf 87' lang='lat' dir='ltr'><strong>Stant</strong></span> <span class='ocrx_word' id='word_1_119' title='bbox 461 1460 581 1503; x_wconf 90' lang='lat' dir='ltr'><strong>securae</strong></span> <span class='ocrx_word' id='word_1_120' title='bbox 603 1441 703 1502; x_wconf 91' lang='lat' dir='ltr'><strong>domus</strong></span> <span class='ocrx_word' id='word_1_121' title='bbox 720 1461 776 1503; x_wconf 90' lang='lat' dir='ltr'><strong>nec</strong></span> <span class='ocrx_word' id='word_1_122' title='bbox 790 1445 844 1503; x_wconf 90' lang='lat' dir='ltr'><strong>iam</strong></span> <span class='ocrx_word' id='word_1_123' title='bbox 858 1444 964 1523; x_wconf 90' lang='lat' dir='ltr'><strong>templa</strong></span> <span class='ocrx_word' id='word_1_124' title='bbox 978 1446 1110 1506; x_wconf 84' lang='lat' dir='ltr'><strong>nutantia.</strong></span> 
     </span>
    </p>

    <p class='ocr_par' dir='ltr' id='par_1_3' title="bbox 58 1526 1111 1859">
     <span class='ocr_line' id='line_1_16' title="bbox 58 1526 1111 1608; baseline 0.002 -22"><span class='ocrx_word' id='word_1_125' title='bbox 58 1543 91 1593; x_wconf 87' lang='lat'><strong>15</strong></span> <span class='ocrx_word' id='word_1_126' title='bbox 101 1527 177 1587; x_wconf 90' lang='lat' dir='ltr'><strong>Satis</strong></span> <span class='ocrx_word' id='word_1_127' title='bbox 199 1536 245 1587; x_wconf 89' lang='lat' dir='ltr'><strong>est</strong></span> <span class='ocrx_word' id='word_1_128' title='bbox 264 1527 315 1587; x_wconf 92' lang='lat' dir='ltr'><strong>tibi</strong></span> <span class='ocrx_word' id='word_1_129' title='bbox 337 1528 527 1606; x_wconf 82' lang='lat' dir='ltr'><strong>nimiumque,</strong></span> <span class='ocrx_word' id='word_1_130' title='bbox 546 1542 610 1585; x_wconf 92' lang='lat' dir='ltr'><strong>cum</strong></span> <span class='ocrx_word' id='word_1_131' title='bbox 631 1528 812 1588; x_wconf 88' lang='lat' dir='ltr'><strong>successeris</strong></span> <span class='ocrx_word' id='word_1_132' title='bbox 826 1526 1019 1606; x_wconf 71' lang='lat' dir='ltr'><strong>nugalissimo</strong></span> <span class='ocrx_word' id='word_1_133' title='bbox 1035 1531 1111 1608; x_wconf 91' lang='lat' dir='ltr'><strong>prin·</strong></span> 
     </span>
     <span class='ocr_line' id='line_1_17' title="bbox 101 1610 1111 1692; baseline 0.003 -23"><span class='ocrx_word' id='word_1_134' title='bbox 101 1613 174 1689; x_wconf 88' lang='lat' dir='ltr'><strong>cipi;</strong></span> <span class='ocrx_word' id='word_1_135' title='bbox 191 1628 322 1689; x_wconf 78' lang='lat' dir='ltr'><strong>magnum</strong></span> <span class='ocrx_word' id='word_1_136' title='bbox 338 1612 451 1670; x_wconf 83' lang='lat' dir='ltr'><strong>reicere</strong></span> <span class='ocrx_word' id='word_1_137' title='bbox 465 1610 571 1689; x_wconf 84' lang='lat' dir='ltr'><strong>aliquid</strong></span> <span class='ocrx_word' id='word_1_138' title='bbox 588 1619 618 1669; x_wconf 91' lang='lat' dir='ltr'><strong>et</strong></span> <span class='ocrx_word' id='word_1_139' title='bbox 633 1618 776 1689; x_wconf 89' lang='lat' dir='ltr'><strong>amputare</strong></span> <span class='ocrx_word' id='word_1_140' title='bbox 789 1628 825 1670; x_wconf 83' lang='lat' dir='ltr'><strong>ex</strong></span> <span class='ocrx_word' id='word_1_141' title='bbox 840 1613 876 1672; x_wconf 92' lang='lat' dir='ltr'><strong>iis</strong></span> <span class='ocrx_word' id='word_1_142' title='bbox 891 1629 964 1690; x_wconf 88' lang='lat' dir='ltr'><strong>quae</strong></span> <span class='ocrx_word' id='word_1_143' title='bbox 976 1614 1111 1692; x_wconf 84' lang='lat' dir='ltr'><strong>prinecps</strong></span> 
     </span>
     <span class='ocr_line' id='line_1_18' title="bbox 99 1693 1111 1774; baseline 0.004 -21"><span class='ocrx_word' id='word_1_144' title='bbox 99 1704 240 1773; x_wconf 87' lang='lat' dir='ltr'><strong>tamquam</strong></span> <span class='ocrx_word' id='word_1_145' title='bbox 254 1697 419 1756; x_wconf 88' lang='lat' dir='ltr'><strong>necessaria</strong></span> <span class='ocrx_word' id='word_1_146' title='bbox 435 1694 558 1773; x_wconf 87' lang='lat' dir='ltr'><strong>reliquit.</strong></span> <span class='ocrx_word' id='word_1_147' title='bbox 593 1693 745 1754; x_wconf 88' lang='lat' dir='ltr'><strong>Praeterea</strong></span> <span class='ocrx_word' id='word_1_148' title='bbox 762 1704 844 1774; x_wconf 89' lang='lat' dir='ltr'><strong>pater</strong></span> <span class='ocrx_word' id='word_1_149' title='bbox 857 1705 922 1757; x_wconf 90' lang='lat' dir='ltr'><strong>tuus</strong></span> <span class='ocrx_word' id='word_1_150' title='bbox 936 1697 1034 1755; x_wconf 89' lang='lat' dir='ltr'><strong>usibus</strong></span> <span class='ocrx_word' id='word_1_151' title='bbox 1050 1698 1111 1758; x_wconf 90' lang='lat' dir='ltr'><strong>suis</strong></span> 
     </span>
     <span class='ocr_line' id='line_1_19' title="bbox 100 1777 1111 1859; baseline 0 -21"><span class='ocrx_word' id='word_1_152' title='bbox 100 1779 265 1840; x_wconf 78' lang='lat' dir='ltr'><strong>detrahebat</strong></span> <span class='ocrx_word' id='word_1_153' title='bbox 287 1799 359 1859; x_wconf 87' lang='lat' dir='ltr'><strong>quae</strong></span> <span class='ocrx_word' id='word_1_154' title='bbox 381 1779 493 1839; x_wconf 85' lang='lat' dir='ltr'><strong>fortuna</strong></span> <span class='ocrx_word' id='word_1_155' title='bbox 512 1779 626 1856; x_wconf 90' lang='lat' dir='ltr'><strong>imperii</strong></span> <span class='ocrx_word' id='word_1_156' title='bbox 643 1777 775 1855; x_wconf 80' lang='lat' dir='ltr'><strong>dederat,</strong></span> <span class='ocrx_word' id='word_1_157' title='bbox 802 1782 909 1841; x_wconf 84' lang='lat' dir='ltr'><strong>totuis</strong></span> <span class='ocrx_word' id='word_1_158' title='bbox 932 1799 1005 1858; x_wconf 89' lang='lat' dir='ltr'><strong>quae</strong></span> <span class='ocrx_word' id='word_1_159' title='bbox 1020 1789 1111 1859; x_wconf 87' lang='lat' dir='ltr'><strong>pater.</strong></span> 
     </span>
    </p>

    <p class='ocr_par' dir='ltr' id='par_1_4' title="bbox 56 1859 1111 2362">
     <span class='ocr_line' id='line_1_20' title="bbox 99 1859 1111 1942; baseline 0.001 -20"><span class='ocrx_word' id='word_1_160' title='bbox 99 1863 137 1922; x_wconf 88' lang='grc' dir='ltr'>Αι</span> <span class='ocrx_word' id='word_1_161' title='bbox 150 1881 232 1942; x_wconf 92' lang='lat' dir='ltr'><strong>quam</strong></span> <span class='ocrx_word' id='word_1_162' title='bbox 248 1865 414 1941; x_wconf 79' lang='lat' dir='ltr'><strong>magnificus</strong></span> <span class='ocrx_word' id='word_1_163' title='bbox 429 1865 457 1922; x_wconf 92' lang='lat' dir='ltr'><strong>in</strong></span> <span class='ocrx_word' id='word_1_164' title='bbox 474 1860 621 1942; x_wconf 89' lang='lat' dir='ltr'><strong>publicum</strong></span> <span class='ocrx_word' id='word_1_165' title='bbox 636 1859 690 1923; x_wconf 79' lang='lat' dir='ltr'><strong>es?</strong></span> <span class='ocrx_word' id='word_1_166' title='bbox 719 1862 792 1923; x_wconf 91' lang='lat' dir='ltr'><strong>Hinc</strong></span> <span class='ocrx_word' id='word_1_167' title='bbox 810 1866 958 1942; x_wconf 88' lang='lat' dir='ltr'><strong>porticus,</strong></span> <span class='ocrx_word' id='word_1_168' title='bbox 980 1865 1046 1924; x_wconf 92' lang='lat' dir='ltr'><strong>inde</strong></span> <span class='ocrx_word' id='word_1_169' title='bbox 1062 1864 1111 1923; x_wconf 91' lang='lat' dir='ltr'><strong>de-</strong></span> 
     </span>
     <span class='ocr_line' id='line_1_21' title="bbox 56 1946 1111 2026; baseline -0.004 -15"><span class='ocrx_word' id='word_1_170' title='bbox 56 1946 180 2011; x_wconf 74' lang='lat' dir='ltr'><strong>colubra</strong></span> <span class='ocrx_word' id='word_1_171' title='bbox 201 1947 316 2008; x_wconf 88' lang='lat' dir='ltr'><strong>occulta</strong></span> <span class='ocrx_word' id='word_1_172' title='bbox 336 1947 485 2007; x_wconf 87' lang='lat' dir='ltr'><strong>eeleritate</strong></span> <span class='ocrx_word' id='word_1_173' title='bbox 501 1955 708 2026; x_wconf 89' lang='lat' dir='ltr'><strong>properantur,</strong></span> <span class='ocrx_word' id='word_1_174' title='bbox 735 1956 836 2007; x_wconf 91' lang='lat' dir='ltr'><strong>utnon</strong></span> <span class='ocrx_word' id='word_1_175' title='bbox 852 1958 1043 2008; x_wconf 87' lang='lat' dir='ltr'><strong>consummata</strong></span> <span class='ocrx_word' id='word_1_176' title='bbox 1059 1948 1111 2008; x_wconf 88' lang='lat' dir='ltr'><strong>sed</strong></span> 
     </span>
     <span class='ocr_line' id='line_1_22' title="bbox 99 2029 1110 2092; baseline 0 -3"><span class='ocrx_word' id='word_1_177' title='bbox 99 2039 206 2090; x_wconf 88' lang='lat' dir='ltr'><strong>tantum</strong></span> <span class='ocrx_word' id='word_1_178' title='bbox 225 2040 385 2091; x_wconf 86' lang='lat' dir='ltr'><strong>conmutata</strong></span> <span class='ocrx_word' id='word_1_179' title='bbox 403 2030 562 2091; x_wconf 82' lang='lat' dir='ltr'><strong>videantur.</strong></span> <span class='ocrx_word' id='word_1_180' title='bbox 597 2029 669 2091; x_wconf 90' lang='lat' dir='ltr'><strong>llinc</strong></span> <span class='ocrx_word' id='word_1_181' title='bbox 684 2031 843 2092; x_wconf 90' lang='lat' dir='ltr'><strong>inmensum</strong></span> <span class='ocrx_word' id='word_1_182' title='bbox 857 2031 932 2092; x_wconf 87' lang='lat' dir='ltr'><strong>latus</strong></span> <span class='ocrx_word' id='word_1_183' title='bbox 948 2033 1016 2091; x_wconf 87' lang='lat' dir='ltr'><strong>circi</strong></span> <span class='ocrx_word' id='word_1_184' title='bbox 1039 2040 1110 2091; x_wconf 90' lang='lat' dir='ltr'><strong>tem·</strong></span> 
     </span>
     <span class='ocr_line' id='line_1_23' title="bbox 99 2113 1110 2194; baseline 0.001 -21"><span class='ocrx_word' id='word_1_185' title='bbox 99 2113 212 2193; x_wconf 90' lang='lat' dir='ltr'><strong>plorum</strong></span> <span class='ocrx_word' id='word_1_186' title='bbox 234 2113 472 2194; x_wconf 90' lang='lat' dir='ltr'><strong>pulchritudinem</strong></span> <span class='ocrx_word' id='word_1_187' title='bbox 493 2123 651 2193; x_wconf 85' lang='lat' dir='ltr'><strong>provocat,</strong></span> <span class='ocrx_word' id='word_1_188' title='bbox 680 2113 764 2191; x_wconf 83' lang='lat' dir='ltr'><strong>digna</strong></span> <span class='ocrx_word' id='word_1_189' title='bbox 783 2113 892 2194; x_wconf 92' lang='lat' dir='ltr'><strong>populo</strong></span> <span class='ocrx_word' id='word_1_190' title='bbox 912 2117 1025 2175; x_wconf 81' lang='lat' dir='ltr'><strong>victore</strong></span> <span class='ocrx_word' id='word_1_191' title='bbox 1039 2133 1110 2192; x_wconf 83' lang='lat' dir='ltr'><strong>gen·</strong></span> 
     </span>
     <span class='ocr_line' id='line_1_24' title="bbox 99 2197 1110 2277; baseline 0 -19"><span class='ocrx_word' id='word_1_192' title='bbox 99 2200 169 2258; x_wconf 90' lang='lat' dir='ltr'><strong>tium</strong></span> <span class='ocrx_word' id='word_1_193' title='bbox 184 2197 287 2272; x_wconf 85' lang='lat' dir='ltr'><strong>sedes,</strong></span> <span class='ocrx_word' id='word_1_194' title='bbox 303 2217 359 2259; x_wconf 91' lang='lat' dir='ltr'><strong>nec</strong></span> <span class='ocrx_word' id='word_1_195' title='bbox 372 2199 463 2258; x_wconf 89' lang='lat' dir='ltr'><strong>minus</strong></span> <span class='ocrx_word' id='word_1_196' title='bbox 479 2199 543 2277; x_wconf 90' lang='lat' dir='ltr'><strong>ipsa</strong></span> <span class='ocrx_word' id='word_1_197' title='bbox 558 2197 676 2259; x_wconf 76' lang='lat' dir='ltr'><strong>usendu</strong></span> <span class='ocrx_word' id='word_1_198' title='bbox 690 2215 773 2275; x_wconf 84' lang='lat' dir='ltr'><strong>quam</strong></span> <span class='ocrx_word' id='word_1_199' title='bbox 791 2216 864 2277; x_wconf 86' lang='lat' dir='ltr'><strong>qnae</strong></span> <span class='ocrx_word' id='word_1_200' title='bbox 879 2217 917 2259; x_wconf 86' lang='lat' dir='ltr'><strong>ex</strong></span> <span class='ocrx_word' id='word_1_201' title='bbox 930 2198 978 2259; x_wconf 90' lang='lat' dir='ltr'><strong>illa</strong></span> <span class='ocrx_word' id='word_1_202' title='bbox 995 2208 1110 2277; x_wconf 86' lang='lat' dir='ltr'><strong>specta·</strong></span> 
     </span>
     <span class='ocr_line' id='line_1_25' title="bbox 100 2282 1110 2362; baseline 0.002 -21"><span class='ocrx_word' id='word_1_203' title='bbox 100 2283 218 2342; x_wconf 90' lang='lat' dir='ltr'><strong>buntur:</strong></span> <span class='ocrx_word' id='word_1_204' title='bbox 233 2282 352 2342; x_wconf 88' lang='lat' dir='ltr'><strong>visenda</strong></span> <span class='ocrx_word' id='word_1_205' title='bbox 365 2291 461 2342; x_wconf 88' lang='lat' dir='ltr'><strong>autem</strong></span> <span class='ocrx_word' id='word_1_206' title='bbox 479 2300 543 2342; x_wconf 91' lang='lat' dir='ltr'><strong>cum</strong></span> <span class='ocrx_word' id='word_1_207' title='bbox 560 2291 658 2342; x_wconf 86' lang='lat' dir='ltr'><strong>cetero</strong></span> <span class='ocrx_word' id='word_1_208' title='bbox 672 2283 792 2360; x_wconf 91' lang='lat' dir='ltr'><strong>specie,</strong></span> <span class='ocrx_word' id='word_1_209' title='bbox 807 2295 866 2342; x_wconf 88' lang='lat' dir='ltr'><strong>tum</strong></span> <span class='ocrx_word' id='word_1_210' title='bbox 880 2282 957 2362; x_wconf 92' lang='lat' dir='ltr'><strong>quod</strong></span> <span class='ocrx_word' id='word_1_211' title='bbox 972 2291 1110 2361; x_wconf 87' lang='lat' dir='ltr'><strong>aequatus</strong></span> 
     </span>
    </p>

    <p class='ocr_par' dir='ltr' id='par_1_5' title="bbox 56 2365 1110 2783">
     <span class='ocr_line' id='line_1_26' title="bbox 56 2365 1108 2447; baseline 0 -22"><span class='ocrx_word' id='word_1_212' title='bbox 56 2379 90 2431; x_wconf 76' lang='lat'><strong>25</strong></span> <span class='ocrx_word' id='word_1_213' title='bbox 100 2365 195 2445; x_wconf 90' lang='lat' dir='ltr'><strong>plebis</strong></span> <span class='ocrx_word' id='word_1_214' title='bbox 211 2385 245 2427; x_wconf 88' lang='lat' dir='ltr'><strong>ac</strong></span> <span class='ocrx_word' id='word_1_215' title='bbox 262 2366 399 2446; x_wconf 89' lang='lat' dir='ltr'><strong>principis</strong></span> <span class='ocrx_word' id='word_1_216' title='bbox 414 2365 515 2436; x_wconf 85' lang='lat' dir='ltr'><strong>locns;</strong></span> <span class='ocrx_word' id='word_1_217' title='bbox 536 2365 676 2444; x_wconf 88' lang='lat' dir='ltr'><strong>siquidem</strong></span> <span class='ocrx_word' id='word_1_218' title='bbox 689 2384 744 2445; x_wconf 90' lang='lat' dir='ltr'><strong>per</strong></span> <span class='ocrx_word' id='word_1_219' title='bbox 761 2382 846 2425; x_wconf 93' lang='lat' dir='ltr'><strong>omne</strong></span> <span class='ocrx_word' id='word_1_220' title='bbox 862 2369 983 2447; x_wconf 88' lang='lat' dir='ltr'><strong>spatium</strong></span> <span class='ocrx_word' id='word_1_221' title='bbox 997 2384 1051 2426; x_wconf 90' lang='lat' dir='ltr'><strong>una</strong></span> <span class='ocrx_word' id='word_1_222' title='bbox 1068 2365 1108 2426; x_wconf 87' lang='lat' dir='ltr'><strong>la·</strong></span> 
     </span>
     <span class='ocr_line' id='line_1_27' title="bbox 100 2449 1110 2530; baseline 0.001 -21"><span class='ocrx_word' id='word_1_223' title='bbox 100 2453 180 2529; x_wconf 88' lang='lat' dir='ltr'><strong>cies,</strong></span> <span class='ocrx_word' id='word_1_224' title='bbox 199 2452 292 2511; x_wconf 85' lang='lat' dir='ltr'><strong>omnia</strong></span> <span class='ocrx_word' id='word_1_225' title='bbox 313 2453 446 2511; x_wconf 88' lang='lat' dir='ltr'><strong>continua</strong></span> <span class='ocrx_word' id='word_1_226' title='bbox 465 2460 494 2511; x_wconf 90' lang='lat' dir='ltr'><strong>et</strong></span> <span class='ocrx_word' id='word_1_227' title='bbox 518 2451 612 2528; x_wconf 89' lang='lat' dir='ltr'><strong>paria,</strong></span> <span class='ocrx_word' id='word_1_228' title='bbox 633 2468 689 2510; x_wconf 90' lang='lat' dir='ltr'><strong>nec</strong></span> <span class='ocrx_word' id='word_1_229' title='bbox 708 2453 798 2528; x_wconf 85' lang='lat' dir='ltr'><strong>magis</strong></span> <span class='ocrx_word' id='word_1_230' title='bbox 813 2453 946 2529; x_wconf 89' lang='lat' dir='ltr'><strong>proprius</strong></span> <span class='ocrx_word' id='word_1_231' title='bbox 962 2449 1110 2530; x_wconf 90' lang='lat' dir='ltr'><strong>spectandi</strong></span> 
     </span>
     <span class='ocr_line' id='line_1_28' title="bbox 100 2532 1110 2615; baseline 0.002 -23"><span class='ocrx_word' id='word_1_232' title='bbox 100 2532 216 2594; x_wconf 82' lang='lat' dir='ltr'><strong>(laesuri</strong></span> <span class='ocrx_word' id='word_1_233' title='bbox 230 2544 387 2614; x_wconf 80' lang='lat' dir='ltr'><strong>suggestus</strong></span> <span class='ocrx_word' id='word_1_234' title='bbox 402 2552 484 2615; x_wconf 87' lang='lat' dir='ltr'><strong>quam</strong></span> <span class='ocrx_word' id='word_1_235' title='bbox 500 2534 615 2614; x_wconf 87' lang='lat' dir='ltr'><strong>propria</strong></span> <span class='ocrx_word' id='word_1_236' title='bbox 629 2552 702 2614; x_wconf 87' lang='lat' dir='ltr'><strong>quae</strong></span> <span class='ocrx_word' id='word_1_237' title='bbox 713 2543 837 2614; x_wconf 86' lang='lat' dir='ltr'><strong>spectet.</strong></span> <span class='ocrx_word' id='word_1_238' title='bbox 865 2534 973 2596; x_wconf 88' lang='lat' dir='ltr'><strong>Licebit</strong></span> <span class='ocrx_word' id='word_1_239' title='bbox 988 2552 1058 2613; x_wconf 83' lang='lat' dir='ltr'><strong>ergo</strong></span> <span class='ocrx_word' id='word_1_240' title='bbox 1071 2536 1110 2594; x_wconf 93' lang='lat' dir='ltr'><strong>ci·</strong></span> 
     </span>
     <span class='ocr_line' id='line_1_29' title="bbox 99 2617 1109 2697; baseline 0.002 -23"><span class='ocrx_word' id='word_1_241' title='bbox 99 2617 182 2676; x_wconf 84' lang='lat' dir='ltr'><strong>vibus</strong></span> <span class='ocrx_word' id='word_1_242' title='bbox 198 2620 254 2680; x_wconf 91' lang='lat' dir='ltr'><strong>tuis</strong></span> <span class='ocrx_word' id='word_1_243' title='bbox 268 2628 298 2679; x_wconf 89' lang='lat' dir='ltr'><strong>te</strong></span> <span class='ocrx_word' id='word_1_244' title='bbox 312 2621 434 2680; x_wconf 88' lang='lat' dir='ltr'><strong>invicem</strong></span> <span class='ocrx_word' id='word_1_245' title='bbox 451 2620 595 2680; x_wconf 89' lang='lat' dir='ltr'><strong>contueri:</strong></span> <span class='ocrx_word' id='word_1_246' title='bbox 623 2618 734 2678; x_wconf 89' lang='lat' dir='ltr'><strong>dabitur</strong></span> <span class='ocrx_word' id='word_1_247' title='bbox 750 2637 808 2679; x_wconf 93' lang='lat' dir='ltr'><strong>nou</strong></span> <span class='ocrx_word' id='word_1_248' title='bbox 829 2619 991 2680; x_wconf 88' lang='lat' dir='ltr'><strong>cubiculum</strong></span> <span class='ocrx_word' id='word_1_249' title='bbox 1004 2620 1109 2697; x_wconf 88' lang='lat' dir='ltr'><strong>princi·</strong></span> 
     </span>
     <span class='ocr_line' id='line_1_30' title="bbox 100 2701 1109 2783; baseline 0.001 -24"><span class='ocrx_word' id='word_1_250' title='bbox 100 2701 144 2777; x_wconf 89' lang='lat' dir='ltr'><strong>pis</strong></span> <span class='ocrx_word' id='word_1_251' title='bbox 162 2701 214 2760; x_wconf 89' lang='lat' dir='ltr'><strong>sed</strong></span> <span class='ocrx_word' id='word_1_252' title='bbox 234 2703 327 2781; x_wconf 90' lang='lat' dir='ltr'><strong>ipsum</strong></span> <span class='ocrx_word' id='word_1_253' title='bbox 342 2705 500 2783; x_wconf 91' lang='lat' dir='ltr'><strong>principem</strong></span> <span class='ocrx_word' id='word_1_254' title='bbox 521 2720 660 2780; x_wconf 89' lang='lat' dir='ltr'><strong>cernere,</strong></span> <span class='ocrx_word' id='word_1_255' title='bbox 682 2704 711 2760; x_wconf 93' lang='lat' dir='ltr'><strong>in</strong></span> <span class='ocrx_word' id='word_1_256' title='bbox 731 2701 866 2782; x_wconf 89' lang='lat' dir='ltr'><strong>publico,</strong></span> <span class='ocrx_word' id='word_1_257' title='bbox 887 2704 916 2761; x_wconf 90' lang='lat' dir='ltr'><strong>in</strong></span> <span class='ocrx_word' id='word_1_258' title='bbox 938 2701 1046 2780; x_wconf 91' lang='lat' dir='ltr'><strong>populo</strong></span> <span class='ocrx_word' id='word_1_259' title='bbox 1063 2721 1109 2761; x_wconf 89' lang='lat' dir='ltr'><strong>se-</strong></span> 
     </span>
    </p>

    <p class='ocr_par' dir='ltr' id='par_1_6' title="bbox 56 2784 1150 3049">
     <span class='ocr_line' id='line_1_31' title="bbox 56 2784 1109 2864; baseline -0.004 -15"><span class='ocrx_word' id='word_1_260' title='bbox 56 2795 91 2848; x_wconf 84' lang='lat'><strong>30</strong></span> <span class='ocrx_word' id='word_1_261' title='bbox 99 2784 229 2862; x_wconf 88' lang='lat' dir='ltr'><strong>dentem,</strong></span> <span class='ocrx_word' id='word_1_262' title='bbox 246 2785 372 2864; x_wconf 89' lang='lat' dir='ltr'><strong>populo,</strong></span> <span class='ocrx_word' id='word_1_263' title='bbox 390 2789 436 2846; x_wconf 91' lang='lat' dir='ltr'><strong>cui</strong></span> <span class='ocrx_word' id='word_1_264' title='bbox 451 2786 582 2847; x_wconf 91' lang='lat' dir='ltr'><strong>locorum</strong></span> <span class='ocrx_word' id='word_1_265' title='bbox 597 2787 722 2863; x_wconf 90' lang='lat' dir='ltr'><strong>quinque</strong></span> <span class='ocrx_word' id='word_1_266' title='bbox 737 2785 813 2844; x_wconf 88' lang='lat' dir='ltr'><strong>milia</strong></span> <span class='ocrx_word' id='word_1_267' title='bbox 826 2786 964 2846; x_wconf 87' lang='lat' dir='ltr'><strong>adiecisti.</strong></span> <span class='ocrx_word' id='word_1_268' title='bbox 979 2784 1109 2845; x_wconf 75' lang='lat' dir='ltr'><strong>duxeras</strong></span> 
     </span>
     <span class='ocr_line' id='line_1_32' title="bbox 99 2867 1109 2949; baseline -0.004 -21"><span class='ocrx_word' id='word_1_269' title='bbox 99 2868 175 2928; x_wconf 88' lang='lat' dir='ltr'><strong>enim</strong></span> <span class='ocrx_word' id='word_1_270' title='bbox 190 2885 336 2928; x_wconf 89' lang='lat' dir='ltr'><strong>numerum</strong></span> <span class='ocrx_word' id='word_1_271' title='bbox 348 2870 411 2929; x_wconf 90' lang='lat' dir='ltr'><strong>eius</strong></span> <span class='ocrx_word' id='word_1_272' title='bbox 424 2870 560 2947; x_wconf 84' lang='lat' dir='ltr'><strong>congiarii</strong></span> <span class='ocrx_word' id='word_1_273' title='bbox 573 2867 708 2927; x_wconf 83' lang='lat' dir='ltr'><strong>facilitate</strong></span> <span class='ocrx_word' id='word_1_274' title='bbox 719 2869 912 2948; x_wconf 87' lang='lat' dir='ltr'><strong>maioremque</strong></span> <span class='ocrx_word' id='word_1_275' title='bbox 923 2871 951 2929; x_wconf 92' lang='lat' dir='ltr'><strong>in</strong></span> <span class='ocrx_word' id='word_1_276' title='bbox 962 2877 1109 2949; x_wconf 86' lang='lat' dir='ltr'><strong>posterum</strong></span> 
     </span>
     <span class='ocr_line' id='line_1_33' title="bbox 100 2950 1150 3049; baseline 0 -37"><span class='ocrx_word' id='word_1_277' title='bbox 100 2951 209 3030; x_wconf 89' lang='lat' dir='ltr'><strong>suscipi</strong></span> <span class='ocrx_word' id='word_1_278' title='bbox 223 2950 398 3013; x_wconf 79' lang='lat' dir='ltr'><strong>liberalitatis</strong></span> <span class='ocrx_word' id='word_1_279' title='bbox 416 2962 482 3013; x_wconf 90' lang='lat' dir='ltr'><strong>tuae</strong></span> <span class='ocrx_word' id='word_1_280' title='bbox 498 2951 553 3012; x_wconf 83' lang='lat' dir='ltr'><strong>lide</strong></span> <span class='ocrx_word' id='word_1_281' title='bbox 569 2953 704 3012; x_wconf 88' lang='lat' dir='ltr'><strong>iusseras.</strong></span> <span class='ocrx_word' id='word_1_282' title='bbox 1070 3000 1072 3005; x_wconf 58' lang='grc'><strong><em>«</em></strong></span> <span class='ocrx_word' id='word_1_283' title='bbox 1100 2991 1150 3049; x_wconf 38' lang='grc' dir='ltr'><strong>Γ.</strong></span> 
     </span>
    </p>

    <p class='ocr_par' dir='ltr' id='par_1_7' title="bbox 98 3028 1199 3202">
     <span class='ocr_line' id='line_1_34' title="bbox 160 3028 1184 3115; baseline 0.008 -22"><span class='ocrx_word' id='word_1_284' title='bbox 160 3034 267 3114; x_wconf 80' lang='lat' dir='ltr'><strong>llorum</strong></span> <span class='ocrx_word' id='word_1_285' title='bbox 281 3052 366 3095; x_wconf 90' lang='lat' dir='ltr'><strong>uuum</strong></span> <span class='ocrx_word' id='word_1_286' title='bbox 380 3037 405 3095; x_wconf 90' lang='lat' dir='ltr'><strong>si</strong></span> <span class='ocrx_word' id='word_1_287' title='bbox 420 3036 610 3115; x_wconf 87' lang='lat' dir='ltr'><strong>praestitisset</strong></span> <span class='ocrx_word' id='word_1_288' title='bbox 623 3034 713 3114; x_wconf 83' lang='lat' dir='ltr'><strong>alias,</strong></span> <span class='ocrx_word' id='word_1_289' title='bbox 729 3037 784 3095; x_wconf 89' lang='lat' dir='ltr'><strong>iam</strong></span> <span class='ocrx_word' id='word_1_290' title='bbox 799 3034 902 3095; x_wconf 90' lang='lat' dir='ltr'><strong>dudum</strong></span> <span class='ocrx_word' id='word_1_291' title='bbox 917 3035 958 3096; x_wconf 90' lang='lat' dir='ltr'><strong>illi</strong></span> <span class='ocrx_word' id='word_1_292' title='bbox 970 3028 1184 3100; x_wconf 65' lang='lat' dir='ltr'><strong>radiatum&#39;bi‘</strong></span> 
     </span>
     <span class='ocr_line' id='line_1_35' title="bbox 98 3110 1199 3202; baseline 0 -22"><span class='ocrx_word' id='word_1_293' title='bbox 98 3118 233 3202; x_wconf 50' lang='lat' dir='ltr'><strong>Q&amp;</strong></span> <span class='ocrx_word' id='word_1_294' title='bbox 247 3118 339 3179; x_wconf 83' lang='lat' dir='ltr'><strong>madia</strong></span> <span class='ocrx_word' id='word_1_295' title='bbox 352 3120 427 3180; x_wconf 89' lang='lat' dir='ltr'><strong>inter</strong></span> <span class='ocrx_word' id='word_1_296' title='bbox 441 3119 513 3181; x_wconf 89' lang='lat' dir='ltr'><strong>deos</strong></span> <span class='ocrx_word' id='word_1_297' title='bbox 529 3117 616 3183; x_wconf 89' lang='lat' dir='ltr'><strong>sedes</strong></span> <span class='ocrx_word' id='word_1_298' title='bbox 628 3136 696 3181; x_wconf 90' lang='lat' dir='ltr'><strong>auro</strong></span> <span class='ocrx_word' id='word_1_299' title='bbox 707 3120 799 3182; x_wconf 80' lang='lat' dir='ltr'><strong>&#39;staret</strong></span> <span class='ocrx_word' id='word_1_300' title='bbox 813 3128 861 3180; x_wconf 88' lang='lat' dir='ltr'><strong>aut</strong></span> <span class='ocrx_word' id='word_1_301' title='bbox 875 3110 1107 3202; x_wconf 58' lang='grc' dir='ltr'><strong>εὕδῖὄῇξῦεῑῖ</strong></span> <span class='ocrx_word' id='word_1_302' title='bbox 1139 3189 1142 3195; x_wconf 44' lang='grc'><em>,</em></span> <span class='ocrx_word' id='word_1_303' title='bbox 1166 3158 1174 3169; x_wconf 66' lang='grc'><strong>-»</strong></span> <span class='ocrx_word' id='word_1_304' title='bbox 1183 3144 1199 3180; x_wconf 86' lang='grc' dir='ltr'>-ι</span> 
     </span>
    </p>

    <p class='ocr_par' dir='ltr' id='par_1_8' title="bbox 55 3194 1171 3291">
     <span class='ocr_line' id='line_1_36' title="bbox 55 3194 1171 3291; baseline -0.002 -28"><span class='ocrx_word' id='word_1_305' title='bbox 55 3214 89 3268; x_wconf 83' lang='lat'><strong>35</strong></span> <span class='ocrx_word' id='word_1_306' title='bbox 101 3204 260 3282; x_wconf 88' lang='lat' dir='ltr'><strong>oribusque</strong></span> <span class='ocrx_word' id='word_1_307' title='bbox 274 3205 330 3263; x_wconf 88' lang='lat' dir='ltr'><strong>aris</strong></span> <span class='ocrx_word' id='word_1_308' title='bbox 346 3213 376 3264; x_wconf 90' lang='lat' dir='ltr'><strong>et</strong></span> <span class='ocrx_word' id='word_1_309' title='bbox 391 3203 595 3286; x_wconf 61' lang='lat' dir='ltr'><strong>ffiapdipribps</strong></span> <span class='ocrx_word' id='word_1_310' title='bbox 604 3205 728 3281; x_wconf 70' lang='lat' dir='ltr'><strong>pictimis</strong></span> <span class='ocrx_word' id='word_1_311' title='bbox 748 3205 939 3265; x_wconf 85' lang='lat' dir='ltr'><strong>invocaretur.</strong></span> <span class='ocrx_word' id='word_1_312' title='bbox 967 3204 1011 3291; x_wconf 63' lang='lat' dir='ltr'><strong>{lo</strong></span> <span class='ocrx_word' id='word_1_313' title='bbox 1027 3194 1151 3289; x_wconf 48' lang='lat' dir='ltr'><strong>deluton</strong></span> <span class='ocrx_word' id='word_1_314' title='bbox 1161 3256 1171 3272; x_wconf 65' lang='grc'><strong>,,</strong></span> 
     </span>
    </p>

    <p class='ocr_par' dir='ltr' id='par_1_9' title="bbox 97 3262 1190 3366">
     <span class='ocr_line' id='line_1_37' title="bbox 97 3262 1190 3366; baseline 0 -19"><span class='ocrx_word' id='word_1_315' title='bbox 97 3288 148 3348; x_wconf 89' lang='lat' dir='ltr'><strong>bra</strong></span> <span class='ocrx_word' id='word_1_316' title='bbox 164 3305 222 3348; x_wconf 94' lang='lat' dir='ltr'><strong>non</strong></span> <span class='ocrx_word' id='word_1_317' title='bbox 242 3288 296 3348; x_wconf 93' lang='lat' dir='ltr'><strong>nisi</strong></span> <span class='ocrx_word' id='word_1_318' title='bbox 313 3286 368 3347; x_wconf 89' lang='lat' dir='ltr'><strong>ado</strong></span> <span class='ocrx_word' id='word_1_319' title='bbox 401 3298 480 3349; x_wconf 89' lang='lat' dir='ltr'><strong>turus</strong></span> <span class='ocrx_word' id='word_1_320' title='bbox 494 3289 597 3366; x_wconf 86' lang='lat' dir='ltr'><strong>intres,</strong></span> <span class='ocrx_word' id='word_1_321' title='bbox 622 3289 673 3348; x_wconf 89' lang='lat' dir='ltr'><strong>tibi</strong></span> <span class='ocrx_word' id='word_1_322' title='bbox 694 3288 832 3350; x_wconf 81' lang='lat' dir='ltr'><strong>maximus</strong></span> <span class='ocrx_word' id='word_1_323' title='bbox 851 3262 1146 3357; x_wconf 64' lang='lat' dir='ltr'><strong>nonoit’e‘tr‘c‘ubartbl</strong></span> <span class='ocrx_word' id='word_1_324' title='bbox 1153 3289 1190 3333; x_wconf 49' lang='grc' dir='ltr'><strong>[ε</strong></span> 
     </span>
    </p>
   </div>
   <div class='ocr_carea' id='block_1_3' title="bbox 98 3358 1108 3575">
    <p class='ocr_par' dir='ltr' id='par_1_10' title="bbox 98 3358 1108 3575">
     <span class='ocr_line' id='line_1_38' title="bbox 98 3358 1108 3455; baseline 0.002 -26"><span class='ocrx_word' id='word_1_325' title='bbox 98 3389 152 3450; x_wconf 94' lang='lat' dir='ltr'><strong>pro</strong></span> <span class='ocrx_word' id='word_1_326' title='bbox 169 3371 283 3452; x_wconf 90' lang='lat' dir='ltr'><strong>templis</strong></span> <span class='ocrx_word' id='word_1_327' title='bbox 299 3389 353 3449; x_wconf 90' lang='lat' dir='ltr'><strong>pos</strong></span> <span class='ocrx_word' id='word_1_328' title='bbox 396 3358 488 3451; x_wconf 67' lang='lat' dir='ltr'><strong>diune</strong></span> <span class='ocrx_word' id='word_1_329' title='bbox 504 3374 644 3455; x_wconf 75' lang='lat' dir='ltr'><strong>praetexi.</strong></span> <span class='ocrx_word' id='word_1_330' title='bbox 677 3373 726 3432; x_wconf 90' lang='lat' dir='ltr'><strong>Sic</strong></span> <span class='ocrx_word' id='word_1_331' title='bbox 741 3372 772 3434; x_wconf 91' lang='lat' dir='ltr'><strong>lit</strong></span> <span class='ocrx_word' id='word_1_332' title='bbox 785 3383 815 3434; x_wconf 87' lang='lat' dir='ltr'><strong>nt</strong></span> <span class='ocrx_word' id='word_1_333' title='bbox 830 3374 867 3435; x_wconf 90' lang='lat' dir='ltr'><strong>dii</strong></span> <span class='ocrx_word' id='word_1_334' title='bbox 882 3391 1019 3435; x_wconf 91' lang='lat' dir='ltr'><strong>summum</strong></span> <span class='ocrx_word' id='word_1_335' title='bbox 1033 3374 1108 3432; x_wconf 89' lang='lat' dir='ltr'><strong>inter</strong></span> 
     </span>
     <span class='ocr_line' id='line_1_39' title="bbox 98 3432 1107 3575; baseline 0.002 -62"><span class='ocrx_word' id='word_1_336' title='bbox 98 3454 228 3517; x_wconf 88' lang='lat' dir='ltr'><strong>homines</strong></span> <span class='ocrx_word' id='word_1_337' title='bbox 243 3432 386 3536; x_wconf 66' lang='lat' dir='ltr'><strong>leubigisus</strong></span> <span class='ocrx_word' id='word_1_338' title='bbox 399 3456 614 3541; x_wconf 64' lang='lat' dir='ltr'><strong>servent,[cum</strong></span> <span class='ocrx_word' id='word_1_339' title='bbox 629 3455 746 3518; x_wconf 87' lang='lat' dir='ltr'><strong>deorum</strong></span> <span class='ocrx_word' id='word_1_340' title='bbox 760 3458 825 3536; x_wconf 87' lang='lat' dir='ltr'><strong>ipse</strong></span> <span class='ocrx_word' id='word_1_341' title='bbox 839 3476 896 3519; x_wconf 91' lang='lat' dir='ltr'><strong>nou</strong></span> <span class='ocrx_word' id='word_1_342' title='bbox 906 3457 1035 3575; x_wconf 57' lang='lat' dir='ltr'><strong>epoptes.</strong></span> <span class='ocrx_word' id='word_1_343' title='bbox 1044 3455 1107 3541; x_wconf 23' lang='lat' dir='ltr'><strong>,lta-</strong></span> 
     </span>
    </p>
   </div>
   <div class='ocr_carea' id='block_1_4' title="bbox 279 3532 283 3539">
    <p class='ocr_par' dir='ltr' id='par_1_11' title="bbox 279 3532 283 3539">
     <span class='ocr_line' id='line_1_40' title="bbox 279 3532 283 3539; baseline 0 0"><span class='ocrx_word' id='word_1_344' title='bbox 279 3532 283 3539; x_wconf 62' lang='grc' dir='ltr'><strong>ι</strong></span> 
     </span>
    </p>
   </div>
   <div class='ocr_carea' id='block_1_5' title="bbox 262 3522 1005 3670">
    <p class='ocr_par' dir='ltr' id='par_1_12' title="bbox 262 3522 1005 3670">
     <span class='ocr_line' id='line_1_41' title="bbox 262 3522 1005 3670; baseline -0.005 0"><span class='ocrx_word' id='word_1_345' title='bbox 262 3522 367 3670; x_wconf 64' lang='grc' dir='ltr'>ιι</span> <span class='ocrx_word' id='word_1_346' title='bbox 540 3613 570 3635; x_wconf 21' lang='grc' dir='ltr'><strong>«ι</strong></span> <span class='ocrx_word' id='word_1_347' title='bbox 930 3554 1005 3629; x_wconf 53' lang='lat' dir='ltr'><strong>a</strong></span> 
     </span>
    </p>
   </div>
   <div class='ocr_carea' id='block_1_6' title="bbox 0 0 1204 3840">
    <p class='ocr_par' dir='ltr' id='par_1_13' title="bbox 0 0 1204 3840">
     <span class='ocr_line' id='line_1_42' title="bbox 0 0 1204 3840; baseline 0 0"><span class='ocrx_word' id='word_1_348' title='bbox 0 0 1204 3840; x_wconf 95' lang='lat' dir='ltr'><strong> </strong></span> 
     </span>
    </p>
   </div>
  </div>
 </body>
</html>
