2400 3840
111 161 173 227 150
535 161 567 224 C.
589 161 686 224 Puutl

111 315 226 390 domus,
246 323 366 393 repente
388 314 498 395 dllapsa
518 314 624 376 deserit
645 316 793 377 comitem:
820 315 953 378 desertus
970 316 1103 377 berbaaet

68 408 100 462 11
111 400 179 460 lolia
194 407 349 477 concerpta
368 400 480 477 signum
494 397 560 459 loco
575 400 665 477 ponit.
697 398 821 462 Postero
838 400 886 461 die
900 400 959 462 adit
972 401 1104 478 magistra·

109 493 165 559 tus,
182 491 277 543 monet
290 491 321 542 ut
335 481 413 543 illum
428 482 523 544 locum
539 482 626 543 eliodi
639 482 765 544 iubeant.
791 483 977 545 lnreninntnr
991 502 1058 545 ossa
1073 485 1105 543 in·

109 575 184 628 serta
206 568 313 627 catenis
332 575 361 627 et
379 567 522 646 inplicita,
545 585 618 645 quae
633 583 738 644 corpus
753 585 826 628 aeuo
841 575 978 646 terraque
993 566 1105 647 potrala-

109 660 184 710 ctnm
197 651 271 711 nuda
286 660 315 711 et
330 669 417 712 exesa
438 651 592 729 reliquerat
605 648 740 710 vinculis:
760 650 885 712 collecta
899 650 1019 730 publice
1033 659 1123 730 sepa-t

67 734 221 796 lalinntur.
253 735 362 796 Domus
379 745 481 814 postea
499 736 554 795 rite
575 733 694 795 conditis
709 734 838 796 manibus
860 736 966 807 carnit„
992 733 1030 795 Et
1043 734 1106 795 baec

108 820 223 899 quidem
235 818 444 880 adfirmantibus
460 818 563 880 credo:
577 816 648 877 illud
661 817 808 879 adfirmare
823 818 887 879 aliis
902 836 1033 898 possum.
1062 816 1106 878 Eat

107 903 228 964 libertus
243 903 325 979 mihi,
347 920 405 961 non
423 901 603 964 inlitteratus.
635 899 705 961 (lum
725 901 783 962 boc
800 903 893 962 miuor
906 902 999 964 frater
1015 900 1107 963 eodem

107 986 186 1047 lecto
198 984 375 1063 quiescebat.
392 983 421 1045 ls
439 986 517 1046 daus
530 993 575 1045 est
589 985 645 1046 sibi
663 1003 784 1046 cernere
800 985 942 1064 quendam
955 988 985 1046 in
996 995 1060 1046 toro
1070 1003 1107 1045 ra·

107 1070 246 1130 sidentem
266 1067 520 1147 admoventemque
549 1070 634 1145 capiti
657 1086 709 1130 sno
733 1068 841 1130 cultros
863 1068 959 1148 adque
975 1071 1061 1130 etiam
1078 1083 1134 1134 cult

107 1154 172 1228 ipso
186 1153 296 1211 vertice
313 1161 502 1232 amputantem
521 1151 650 1231 capillos.
679 1153 733 1214 Ubi
747 1153 864 1231 Inluxit,
880 1155 947 1234 ipse
964 1155 1042 1214 clrca
1052 1170 1107 1212 ver·

66 1237 193 1297 laticem
206 1244 322 1315 tonsus,
341 1235 437 1317 capilli
452 1239 580 1298 iacentes
596 1239 784 1316 reperiuntur.
816 1236 963 1316 Exiguum
978 1237 1107 1317 temporis

107 1319 239 1398 medium,
258 1329 287 1380 et
301 1339 399 1382 rursus
415 1320 508 1383 simile
523 1320 598 1380 aliud
615 1322 701 1398 priori
716 1320 799 1381 Iidem
810 1321 890 1382 lecit.
912 1321 990 1382 Puer
1004 1323 1034 1381 in
1048 1339 1108 1401 pne·

106 1403 230 1483 dagogio
251 1407 355 1466 mixtus
382 1404 510 1486 pluribus
534 1405 704 1465 dormiebat:
729 1415 869 1466 venerunt
891 1424 947 1486 per
972 1405 1107 1467 fenestras

107 1489 161 1567 (ita
174 1489 282 1568 narrat)
297 1492 326 1550 in
344 1491 447 1551 tunicis
461 1488 534 1550 albis
555 1487 611 1548 duo
628 1488 835 1567 cubantemque
851 1488 1061 1567 detonderunt,
1082 1496 1107 1548 et
1114 1494 1134 1546 15

106 1591 161 1650 qua
178 1583 315 1633 venerant
335 1582 527 1634 recesserunt.
560 1571 642 1632 llunc
662 1589 777 1651 quoqne
797 1581 912 1635 tonsum
936 1590 1108 1653 sparsosque

64 1665 99 1719 14
109 1658 184 1715 circa
200 1654 320 1731 capillos
335 1656 397 1715 dies
413 1656 545 1716 ostendit.
578 1654 654 1715 Nihil
670 1655 795 1717 notabile
810 1665 953 1734 secutum,
970 1659 1025 1717 niai
1040 1657 1107 1717 iorte

107 1737 183 1813 quod
196 1754 252 1796 non
269 1737 309 1796 lui
320 1757 398 1816 reus,
413 1737 541 1816 iuturus,
557 1741 582 1800 si
595 1738 788 1818 Domitianus,
805 1740 858 1800 sub
873 1757 932 1819 quo
948 1741 1024 1801 haec
1038 1741 1106 1801 acci·

107 1819 224 1897 derunt,
249 1819 350 1882 diutius
365 1823 493 1883 vixisset.
525 1821 597 1882 Nam
613 1825 642 1882 in
656 1825 761 1884 scrinio
777 1825 840 1886 eius
856 1823 938 1885 datus
954 1843 972 1885 a
987 1822 1061 1885 Caro
1075 1823 1106 1883 de

106 1920 151 1963 me
165 1901 282 1966 libellus
296 1908 427 1968 inventus
441 1914 500 1976 est;
521 1925 560 1967 ex
581 1923 637 1983 quo
659 1908 813 1969 coniectari
828 1917 943 1987 potest,
973 1911 1039 1987 quia
1054 1909 1134 1970 reistt

105 1989 193 2049 moris
208 1997 254 2050 est
274 1993 448 2051 summittere
471 1989 620 2071 capillum,
641 1992 753 2051 recisos
772 2008 901 2051 meorum
924 1991 1048 2071 capillos
1062 1991 1106 2051 de·

105 2072 181 2148 pulsi
204 2072 281 2152 quod
302 2075 464 2136 imminebat
483 2072 604 2152 periculi
623 2075 734 2151 signum
756 2074 855 2136 luisse.
895 2075 1020 2136 Proinde
1040 2092 1107 2153 rogo

63 2161 96 2214 15
106 2157 292 2218 eruditionem
307 2168 381 2219 tuam
394 2158 531 2220 intendas.
551 2157 644 2234 Digna
657 2175 705 2218 res
722 2167 768 2218 est
782 2176 864 2237 quam
876 2158 924 2219 diu
935 2159 1106 2239 multumque

106 2240 287 2300 consideres:
302 2259 338 2300 ne
353 2259 410 2317 ego
425 2242 538 2318 quidem
551 2240 681 2317 indignus
701 2243 746 2302 cui
761 2243 872 2321 copiam
888 2244 1030 2304 scientiae
1046 2253 1106 2305 tuae

62 2328 96 2381 16
105 2320 202 2383 iacias.
222 2320 303 2383 Licet
319 2325 403 2384 etiam
416 2333 562 2403 utramque
576 2326 604 2384 In
619 2333 738 2404 partem,
756 2333 786 2385 ut
800 2323 892 2404 soles,
910 2325 1054 2407 disputes,
1072 2331 1134 2388 exii

103 2402 192 2464 altera
211 2413 305 2466 tamen
322 2407 439 2487 fortius,
465 2427 503 2468 ne
516 2427 562 2469 me
576 2425 749 2486 suspensum
761 2411 960 2489 incertumque
976 2411 1104 2487 dimittas,

105 2503 168 2545 cnm
179 2487 245 2548 mihi
263 2491 429 2553 consulendi
448 2510 533 2554 causa
546 2492 630 2551 fucrit
647 2502 678 2553 nt
692 2493 818 2554 dubitare
834 2493 1009 2555 desinerem.
1028 2493 1105 2555 Vale.

535 2621 665 2684 XXVIII.

374 2722 402 2773 o.
418 2722 544 2774 ramma
560 2721 704 2777 sarmom
724 2722 784 2775 soc
800 2722 827 2776 s,
1110 2742 1134 2795 30

76 2833 92 2885 l
163 2823 215 2884 dis
233 2823 368 2902 quosdam
379 2823 453 2903 apud
463 2833 492 2884 te
502 2823 736 2905 reprehendisse,
752 2835 891 2902 tamquam
905 2826 1015 2887 amicos
1026 2842 1103 2886 meos

76 2915 138 2965 aen
155 2908 229 2965 omni
245 2909 398 2968 occasione
413 2906 486 2968 ultra
496 2909 609 2969 modum
620 2907 740 2970 laudem
762 2907 901 2986 Agnosco
914 2911 1034 2986 crimen,
1051 2925 1104 2968 am-

101 2987 216 3067 plector
235 2992 327 3049 etiam.
358 2988 433 3064 Quid
451 2993 525 3051 anim
546 2991 695 3054 honestius
718 2991 802 3072 culpa
821 2989 1027 3069 bemgnitatis‘l
1052 2991 1104 3066 Qui

100 3079 165 3130 sunt
181 3079 274 3131 tamen
288 3074 335 3133 isti
351 3075 398 3152 qui
410 3075 518 3136 amicos
532 3093 613 3137 meos
628 3075 730 3137 melins
746 3071 860 3136 norim?
881 3075 942 3136 Sed
956 3086 987 3137 ut
1001 3078 1101 3153 norint,

101 3152 169 3231 quid
183 3153 309 3215 invident
327 3157 393 3217 mihi
410 3155 577 3219 felicissimo
599 3155 720 3219 errore?
743 3159 780 3220 Ut
795 3160 869 3221 eninr
886 3175 944 3219 non
959 3161 1017 3220 sint
1031 3159 1134 3221 1111111

100 3237 200 3316 quales
215 3255 231 3296 a
246 3254 291 3296 me
307 3239 515 3320 praedicantur,
531 3261 588 3320 ego
601 3252 696 3304 tamen
709 3242 822 3321 beatus,
838 3242 915 3322 quod
926 3243 995 3304 mibi
1005 3243 1102 3306 diden-

74 3328 153 3382 3tur.
174 3320 264 3400 Igitur
285 3321 320 3380 ad
337 3321 409 3385 alios
424 3324 496 3386 banc
515 3328 657 3386 sinistram
673 3325 845 3404 dillgentiam
860 3326 1027 3406 conterant,
1047 3345 1101 3388 nec

99 3413 164 3465 sunt
178 3421 277 3488 parum
295 3403 390 3483 multi,
415 3410 464 3486 qni
484 3426 604 3487 carpere
618 3411 725 3470 arnicas
740 3429 809 3473 suos
831 3409 966 3472 iudicInm
981 3419 1100 3473 vocant:
