2400 3840
106 202 170 269 256
528 199 561 262 (l.
581 199 677 263 Palm

108 369 139 419 ut
158 354 226 417 nihil
246 353 382 414 imbribus
403 353 543 433 caeloque
558 354 692 423 deberet;
712 351 854 430 siquidem
867 353 985 431 proprio
1000 369 1116 431 semper

108 458 190 502 amne
213 437 346 518 perlusa,
371 456 427 499 nec
450 437 507 499 alio
532 455 641 516 genere
661 454 794 515 aquarum
815 435 899 497 solita
922 438 1115 513 pinguescere

110 541 192 604 qnam
208 540 278 601 quas
293 523 355 601 ipsa
371 522 542 601 devexerat,
562 523 645 582 tantis
660 520 810 600 segetibus
824 519 991 580 induebatur
1005 529 1036 579 ut
1052 537 1116 579 cunr

107 607 292 668 feracissimis
314 608 414 684 terris,
439 608 519 684 quasi
539 623 689 683 numquam
708 621 843 681 cessura,
865 612 998 664 certaret.
1036 602 1116 662 llaec

108 693 222 771 inopina
236 691 366 750 siccitate
383 709 475 770 usque
489 690 524 751 ad
538 691 664 750 iniuriam
677 688 835 750 sterilitatis
850 689 976 766 exaruit,
994 689 1060 766 qnia
1073 689 1141 765 pi·5

108 795 163 856 ger
176 774 259 835 Nilus
273 784 439 836 cunctanter
452 773 536 836 alveo
552 793 621 835 sese
635 791 669 834 ac
683 772 817 850 languide
833 771 992 850 extulerat,
1014 774 1114 849 ingen·

109 861 186 922 tibus
208 859 320 938 quidem
341 868 409 919 tunc
430 877 545 939 quoque
564 856 614 918 ille
635 858 810 934 huminibus,
840 856 1002 916 llumiuibus
1023 865 1116 916 tarum

111 942 312 1004 conferendus.
346 941 420 1004 llinc
441 961 507 1021 pars
527 959 627 1019 magna
647 950 800 1017 terrarum,
826 941 917 1017 mergi
932 941 1116 1018 repararique

109 1046 190 1088 amne
206 1035 358 1103 consueta,
374 1025 432 1086 alto
447 1026 567 1104 pulvere
582 1025 733 1086 incanduit.
756 1023 872 1085 Frustra
884 1034 952 1084 tunc
963 1025 1117 1100 Aegyptus

110 1110 205 1170 nubila
226 1110 333 1186 optavit
354 1109 521 1186 caelumque
542 1112 686 1189 respexit,
705 1127 769 1169 cum
784 1110 848 1187 ipse
863 1107 1044 1168 fecunditatis
1066 1107 1159 1185 pa·10

109 1211 176 1254 rens
195 1193 370 1252 contractior
385 1202 414 1253 et
436 1192 553 1272 exilior,
580 1193 669 1255 isdem
689 1194 848 1255 ubertatem
867 1194 929 1252 eius
947 1192 1011 1250 anni
1028 1208 1118 1268 angu-

110 1279 172 1338 stiis
188 1277 290 1355 quibus
307 1276 502 1339 abundantiam
516 1297 595 1339 suam
608 1277 794 1338 cohibuisset.
817 1274 919 1354 Neque
935 1277 1010 1335 enim
1023 1275 1119 1334 solum

110 1380 201 1439 vagus
219 1360 285 1438 ille,
311 1378 375 1421 cum
389 1363 571 1440 expanditur,
587 1363 674 1422 amnis
690 1363 761 1421 intra
775 1369 910 1438 usurpata
924 1377 1041 1437 semper
1057 1356 1119 1417 col·

110 1445 177 1505 lium
192 1446 357 1506 substiterat
371 1455 457 1525 atque
472 1447 620 1523 haeserat,
646 1444 698 1506 sed
713 1446 816 1523 supino
833 1445 917 1504 etiam
933 1461 967 1503 ac
983 1441 1120 1502 clementi

111 1529 175 1591 solo
196 1547 253 1589 non
275 1529 387 1608 placido
408 1549 441 1591 se
460 1529 597 1608 mollique
611 1529 694 1608 lapsu
707 1529 841 1606 relugum
852 1525 1026 1603 abstulerat,
1048 1544 1119 1586 nec·
1130 1528 1161 1580 15

112 1613 176 1673 dum
196 1615 265 1673 satis
287 1623 415 1675 umentes
436 1623 527 1675 terras
547 1613 692 1674 addiderat
710 1613 864 1674 arentibus.
898 1610 988 1689 lgitur
1002 1610 1120 1669 inunda-

111 1701 207 1772 tione,
227 1693 315 1756 idest
332 1697 480 1775 ubertate,
503 1699 586 1774 regio
601 1697 742 1775 lmudata,
764 1697 841 1757 sico
864 1714 909 1757 em
927 1692 1060 1755 Caesaris
1077 1694 1120 1753 in·

110 1780 225 1838 vocavit
240 1787 270 1838 ut
285 1779 361 1842 solet
375 1799 485 1841 amnem
499 1799 593 1841 suum:
608 1800 664 1841 nec
680 1773 818 1859 longi'ds'r
842 1771 1049 1841 iad'v'er‘slarum
1065 1777 1120 1838 luit

24 1912 27 1918 .
112 1861 230 1940 spatium
248 1878 330 1941 quam
345 1864 410 1923 dum
423 1866 541 1925 nuntiat:
566 1863 642 1925 ''l'am
655 1862 759 1941 uelox,
782 1862 903 1940 Caesar,
926 1863 1054 1940 potentia
1069 1873 1121 1941 tua
1179 1868 1180 1871 ’

112 1954 173 2022 est,
193 1955 307 2025 tamque
322 1950 349 2009 in
365 1950 456 2008 omnia
470 1951 577 2028 pariter
590 1951 697 2010 intenta
710 1949 821 2009 bonitas
837 1957 866 2008 et
880 1947 1009 2008 accincta
1023 1955 1054 2006 ut
1068 1948 1119 2007 tri·
1129 1953 1163 2006 ho

111 2032 183 2090 stius
198 2030 304 2109 aliquid
318 2032 436 2094 saeculo
450 2042 498 2092 tuo
514 2034 608 2112 passis
624 2033 659 2094 ad
674 2033 830 2094 remedium
839 2030 1021 2108 salutemque
1037 2031 1120 2092 sulli-

61 2115 101 2178 31
114 2116 168 2174 ciat
186 2125 216 2175 ut
237 2118 321 2175 scias.
366 2114 501 2178 Omnibus
517 2117 649 2196 equidem
667 2117 802 2196 gentibus
821 2113 932 2176 fertiles
947 2132 1037 2176 annos
1053 2132 1120 2192 gra·

112 2207 213 2275 tasque
238 2208 328 2258 terras
356 2217 474 2276 precor:
512 2201 679 2262 crediderim
701 2212 794 2262 tamen
816 2217 869 2278 per
888 2199 964 2258 hunc
988 2198 1121 2277 Aegypti

112 2290 214 2341 statum
234 2290 296 2342 tuas
316 2282 453 2343 loctunam
472 2286 549 2346 vires
572 2287 698 2364 experiri
716 2295 847 2364 tuamque
862 2282 1036 2362 vigilantiam
1050 2300 1121 2360 spe-

112 2374 190 2424 ctare
205 2363 341 2428 voluisse.
363 2364 434 2426 Nam
447 2385 509 2428 cum
521 2371 612 2430 omnia
625 2369 750 2431 secunda
760 2369 866 2448 ubique
877 2368 1031 2444 merearis,
1047 2385 1120 2427 non·
1130 2376 1160 2428 25

111 2464 148 2504 ne
162 2447 339 2508 manifestum
354 2459 415 2528 est,
431 2453 455 2511 si
470 2451 537 2529 qnid
550 2452 662 2513 adversi
678 2452 769 2531 cadat,
786 2455 843 2514 tuis
856 2451 985 2512 laudibus
1001 2452 1121 2530 tuisque

111 2529 261 2588 virtmibns
275 2533 417 2590 materiam
432 2551 618 2613 campumque
634 2538 810 2615 praesterni,
832 2553 895 2595 cum
910 2533 1036 2595 secunda
1052 2534 1121 2596 icli-

112 2629 180 2690 ces,
195 2611 315 2672 adversa
330 2631 448 2692 magnos
462 2616 605 2695 probent?
627 2620 833 2682 Percrebuerat
848 2619 1000 2696 antiquitus
1016 2619 1122 2680 urbem

111 2707 236 2759 nostram
252 2697 305 2757 nisi
323 2699 426 2776 opibus
440 2701 566 2782 Aegypti
582 2703 618 2763 ali
634 2705 843 2783 sustentariqne
857 2719 914 2762 non
929 2720 1030 2780 posse.
1064 2704 1120 2763 Su·

111 2780 393 2858 perorabatventosa
409 2795 438 2845 ct
451 2786 578 2848 insolens
592 2791 684 2867 natio,
700 2787 776 2868 quod
786 2789 925 2847 victorem
937 2785 1054 2864 quidem
1064 2805 1118 2866 po·
1128 2800 1160 2854 30

112 2864 208 2941 pulum
222 2874 356 2943 pasceret
372 2877 480 2947 tamen,
504 2870 639 2951 quodque
654 2874 684 2932 in
698 2889 752 2934 suo
763 2872 897 2949 llumine,
918 2871 947 2929 in
962 2871 1022 2932 suis
1038 2874 1119 2932 navi-

111 2947 164 3006 bus
183 2949 231 3007 rel
251 2949 417 3012 abundantia
437 2963 535 3014 nostra
554 2954 602 3015 vel
619 2955 709 3017 fames
729 2966 819 3018 esset.
856 2953 1025 3014 Reludimns
1048 2954 1119 3016 Nilo

112 3047 177 3089 suas
189 3033 303 3109 copias:
317 3038 428 3114 recepit
442 3036 581 3099 frumenta
593 3034 665 3116 quae
679 3041 794 3099 miserat
808 3039 1029 3117 deportatusque
1041 3056 1121 3101 mes·

111 3116 290 3175 sesrevexit.
309 3116 408 3179 Discat
422 3121 507 3197 igitur
517 3122 669 3201 Aegyptus
680 3122 835 3200 credatque
846 3121 1044 3199 experimento
1059 3142 1120 3185 non

35 3233 46 3290 -J
70 3238 73 3245 .
111 3193 241 3257 alimenta
258 3217 292 3258 se
308 3202 391 3262 nobis
405 3204 457 3263 sed
472 3205 575 3265 tributii
590 3214 751 3283 praestare:
771 3207 843 3265 sciat
858 3223 891 3265 se
905 3219 963 3263 non
978 3223 1047 3264 esse
1064 3222 1161 3284 po·35

111 3279 179 3354 pulo
194 3280 320 3342 Romano
335 3289 542 3365 necessariam,
560 3297 590 3348 et
604 3298 697 3348 umen
710 3291 823 3349 seruiat.
844 3287 912 3348 Post
920 3287 1009 3360 haec,
1027 3290 1119 3352 sivo·

111 3357 168 3440 let,
189 3364 270 3425 Nilus
286 3377 360 3427 amet
375 3367 486 3430 alveum
500 3390 581 3431 suum
598 3378 627 3430 et
641 3371 762 3433 lluminis
775 3371 888 3433 modum
902 3376 1015 3430 servet:
1043 3373 1118 3437 nihil

59 3439 167 3622 *hoc
184 3448 220 3509 ad
232 3447 347 3528 urbem,
363 3468 397 3510 ac
412 3471 449 3514 ne
464 3455 499 3515 ad
514 3455 678 3536 Aegyptum
694 3457 823 3537 quidem,
839 3453 892 3513 nisi
907 3460 937 3512 ut
952 3451 1020 3512 inde
1035 3463 1119 3520 navi-
