2400 3840
84 172 126 232 22
510 165 545 229 G.
566 168 664 231 PLlNl

84 333 182 400 grata,
198 339 234 381 eo
249 325 384 397 maxime,
404 320 481 399 quod
495 322 670 400 exprobrare
685 321 830 383 stultitiam
845 321 958 383 domino
968 321 1065 382 videtu.

59 405 116 466 31rr
136 405 192 465 boe
203 414 297 465 autom
308 405 417 483 agello,
437 404 560 466 simodo
578 405 854 486 adriseritpretium,
869 403 1067 484 Tranquillinei

85 487 261 550 stomachum
272 489 359 550 multa
370 488 536 566 sollicitant,
551 490 683 552 vicinitas
694 490 791 568 urbis,
807 490 1000 569 opportunitas
1009 489 1068 565 uiae,

85 570 268 633 mediocritas
281 572 378 651 villae,
394 571 494 634 modus
509 574 593 650 ruris,
611 575 658 651 qui
670 582 774 633 avocet
784 575 875 650 magis
887 591 969 653 quam
979 573 1072 635 distrin-

63 664 147 734 tgnt.
159 654 346 719 Scholasticis
361 674 448 736 porro
463 656 594 733 dominis,
609 666 638 716 ut
653 656 700 716 lric
715 667 772 734 est,
788 657 895 717 suflicit
909 656 1088 718 abundem-t

85 750 144 801 tum
158 739 212 801 soli
227 750 257 802 ut
267 741 398 803 relevare
415 751 515 819 caput,
527 742 648 801 reficere
660 740 773 817 oculos,
785 749 900 820 reptare
913 741 1075 820 perlimitam

86 842 226 903 unamque
238 828 366 886 semitam
381 835 477 886 terere
492 826 641 903 omnisque
658 823 799 884 viteculas
814 843 880 886 suas
895 841 983 886 nosse
997 835 1025 886 ct
1035 842 1075 884 nu·

85 926 195 970 merare
214 909 381 970 arbusculas
397 910 517 987 possint.
539 907 618 969 llaec
632 907 684 969 tibi
700 909 840 986 exposui,
857 924 914 986 quo
929 910 1016 987 magis
1031 909 1077 970 sci·
1118 954 1121 973 .

86 1011 134 1053 res
150 1001 282 1071 quantum
296 1001 377 1054 esset
390 990 441 1053 ille
454 991 540 1069 mibi,
556 993 679 1069 egotibi
695 991 858 1069 debiturus,
877 993 902 1053 si
917 990 1078 1071 praediolum
1119 996 1121 1023 ⁵

86 1075 173 1152 istud,
193 1074 269 1153 quod
283 1074 494 1136 commendatur
508 1075 554 1137 bis
569 1075 695 1151 dotibus,
711 1085 767 1136 tam
783 1074 936 1136 salubriter
950 1077 1046 1136 emerit
1054 1083 1078 1134 nt
1084 1084 1108 1139 rt.

86 1158 279 1237 paenitentiae
293 1160 388 1220 locum
403 1176 460 1219 non
475 1159 625 1238 relinquat.
657 1157 739 1220 Vale.

492 1354 687 1362 m—n-—m-

305 1544 343 1625 o.
372 1543 482 1623 untur
513 1542 670 1624 ornum
698 1541 875 1625 saeuum
1088 1497 1111 1551 ¹⁵

206 1695 971 1812 tristitiittittt

437 1885 535 1941 LIBER
555 1884 746 1943 SECUNDUS.

580 2046 601 2108 1.

366 2148 393 2199 (l.
411 2146 536 2200 PLINIUS
555 2146 689 2199 Romano
708 2147 769 2200 SUO
786 2147 814 2200 S.

64 2263 80 2313 1
148 2250 217 2311 Post
232 2249 341 2328 aliquot
357 2266 445 2308 annos
460 2250 571 2327 insigne
590 2260 676 2328 atque
692 2251 776 2310 etiam
789 2247 977 2309 memorabile
994 2244 1087 2328 populi

88 2332 208 2392 Romani
229 2331 321 2392 oculis
340 2331 536 2410 spectaculum
559 2333 685 2394 exhibuit
705 2334 851 2413 publicum
872 2333 957 2394 funus
977 2331 1120 2410 Verginiti

88 2415 163 2491 Rufi,
180 2417 292 2475 maximi
308 2425 337 2475 et
353 2413 501 2477 clarissimi
518 2418 605 2495 civis,
630 2416 749 2497 perinde
765 2417 870 2478 felicis.
904 2414 1032 2495 'friginta
1046 2432 1089 2475 an·

68 2501 136 2560 inis
150 2497 260 2576 gloriae
274 2517 342 2559 suae
358 2501 525 2576 supervixit.
547 2500 629 2581 Legit
644 2503 751 2580 scripta
766 2501 801 2562 de
819 2519 852 2561 sc
868 2502 1007 2578 carmina,
1023 2499 1091 2578 legit

89 2581 222 2644 historias
237 2592 267 2644 et
281 2585 441 2661 posteritati
454 2604 523 2645 snae
534 2586 670 2646 interfuit.
689 2584 859 2645 Perfunctus
871 2592 917 2644 est
927 2584 1014 2665 tertio
1027 2601 1090 2645 con·

90 2665 199 2746 sulatu,
227 2676 258 2727 ut
280 2684 416 2728 summum
436 2667 579 2746 fastigium
599 2671 702 2748 privati
723 2668 845 2729 bominis
860 2667 1003 2747 inpleret,
1032 2685 1091 2729 curu

64 2754 227 2832 3principis
241 2750 391 2812 noluisset.
414 2749 554 2813 Caesares
570 2753 672 2830 quibus
689 2762 843 2829 suspectus
855 2760 942 2830 atque
958 2754 1045 2812 etiarn
1055 2753 1121 2819 into

89 2837 168 2897 visus
185 2837 335 2898 virtutibus
350 2835 442 2896 iuerat
457 2838 564 2912 evasit,
586 2835 700 2914 reliquit
714 2836 886 2897 incolumem
902 2837 1042 2914 optimum
1054 2844 1093 2898 at·

91 2936 147 2996 que
160 2922 369 3000 amicissimum,
386 2930 525 3000 tamqnam
539 2918 575 2981 ad
588 2919 663 2980 hunc
676 2922 769 2998 ipsum
780 2920 918 2980 bonorem
931 2918 1041 2998 publici
1053 2919 1094 2978 fu·

66 3003 166 3064 dureris
181 3015 354 3065 reservatus.
381 3004 492 3064 Annum
508 3005 621 3065 tertium
636 3014 665 3064 et
683 3006 909 3082 octogensimum
924 3004 1054 3064 excessit
1068 3005 1094 3062 in

90 3085 226 3145 altissima
241 3087 457 3166 tranquillitate,
478 3089 540 3167 pari
556 3091 751 3149 veneratione.
780 3088 856 3149 Usus
872 3097 918 3148 est
933 3088 1012 3148 firma
1026 3085 1094 3146 vali·

89 3169 197 3247 tudine,
212 3172 266 3231 nisi
281 3172 357 3249 quod
371 3171 502 3233 solebant
516 3174 544 3232 ei
559 3191 657 3233 manus
672 3183 807 3251 tremere,
825 3174 894 3232 citra
908 3169 1040 3231 dolorem
1053 3176 1121 3230 teu

90 3271 165 3313 men.
196 3254 297 3315 Aditus
317 3264 422 3316 tantum
443 3258 540 3317 mortis
561 3258 656 3318 durior
675 3257 863 3335 longiorque,
885 3254 938 3316 sed
959 3253 1007 3315 bic
1029 3255 1092 3333 ipse

65 3335 247 3400 ciaudnbilts.
282 3336 352 3399 Nam
368 3359 432 3400 cum
445 3358 548 3401 vocem
562 3351 745 3420 praepararet
764 3351 878 3401 acturus
894 3341 922 3398 in
943 3337 1093 3399 consulatu

90 3423 211 3502 principi
228 3425 342 3502 gratias,
358 3423 433 3484 liber
448 3442 532 3503 quem
542 3425 617 3486 forte
632 3435 785 3503 acceperat
797 3425 976 3502 grandiorem
991 3431 1020 3482 ct
1031 3422 1092 3483 seni
