2400 3840
114 206 176 271 276
540 202 572 263 0.
595 201 691 263 Ρ1ΙΝ1

115 378 215 437 esses,
231 356 377 419 consulem
391 365 420 416 te
437 356 555 416 baberet
569 364 674 416 tantum
691 373 726 414 an
741 365 770 415 et
786 363 963 431 senatorem,
979 354 1038 413 hoc
1049 371 1124 413 nunc

114 446 188 505 scito
216 444 355 502 interesse
383 441 542 519 principem
563 449 593 500 te
614 439 717 499 lrabeat
738 448 844 498 tantum
863 456 897 497 an
914 446 943 497 et
964 437 1124 498 consulem.

114 527 165 586 llis
181 535 223 586 tot
242 527 384 604 tantisque
405 523 559 583 rationibus
575 538 741 601 quamquam
756 519 871 581 multum
885 520 1025 581 reluctata
1039 539 1124 581 vere·

115 610 217 671 cundia
239 610 375 687 principis
394 609 482 668 nostri
503 607 615 666 tandem
636 614 729 665 tamen
750 607 846 666 cessit.
874 604 913 664 At
940 604 1123 683 quemadmo-

115 694 181 755 dum
199 689 308 754 cessit?
332 689 396 751 Non
411 709 444 752 se
459 700 489 752 ut
504 692 635 769 privatis,
657 688 710 749 sed
724 697 755 748 ut
770 691 894 767 privatos
911 688 965 748 sibi
982 706 1068 767 pares
1082 688 1146 752 ia=5

116 786 206 840 oeret.
240 775 364 854 Recepit
385 776 460 834 enim
475 776 587 834 tertium
603 771 796 850 consulatum,
823 782 854 833 ut
874 771 963 831 daret.
997 771 1123 832 Noverat

115 860 338 921 moderationem
351 859 507 934 bominum,
522 866 639 917 noverat
651 855 803 934 pudorem,
821 857 868 934 qui
880 872 937 915 non
949 857 1122 917 sustinerent

115 947 202 1006 tertio
219 942 354 1004 consules
371 960 437 1002 esse
454 943 508 1002 nisi
525 958 589 1000 cunr
602 950 647 1000 ter
662 939 791 1001 consule.
825 938 970 1000 Bellorum
986 938 1063 999 istud
1077 955 1122 998 so·

116 1029 169 1088 ciis
184 1026 266 1103 olim,
293 1024 484 1103 periculorum
501 1024 699 1101 consortibus,
724 1041 811 1102 parce
826 1034 920 1084 tamen
933 1024 1122 1101 tribuebatur,

116 1108 192 1187 quod
210 1118 240 1168 tu
261 1107 451 1185 singularibus
472 1109 556 1184 viris,
582 1125 616 1167 ac
632 1108 667 1167 de
683 1116 712 1166 te
729 1106 841 1184 quidem
856 1107 931 1167 bene
946 1124 980 1166 ac
995 1106 1121 1184 fortiter,
1131 1117 1160 1170 lt

116 1191 168 1252 sed
184 1192 348 1270 praestitisti
363 1192 391 1274 ip
406 1198 472 1268 toga
486 1192 602 1250 meritis.
624 1190 777 1269 Utriusque
794 1208 871 1269 cura,
888 1193 1034 1269 utriusque
1048 1190 1122 1267 rigi-

114 1274 199 1336 lantia
215 1275 367 1335 obstrietus
384 1292 433 1350 es,
456 1271 571 1335 Caesar.
603 1273 662 1335 Sed
682 1276 710 1334 in
725 1275 854 1353 principe
868 1291 962 1334 rarum
981 1291 1016 1335 ac
1030 1290 1123 1352 prope

114 1358 259 1420 insolitum
274 1367 320 1419 est
334 1367 365 1418 ut
380 1377 412 1419 se
428 1367 509 1438 putet
524 1357 690 1436 obligatum,
706 1368 754 1418 aut
768 1360 899 1437 siputct,
915 1367 999 1418 amet.
1022 1357 1123 1417 Debes

116 1461 203 1522 ergo,
222 1441 344 1519 Caesar,
360 1452 389 1503 et
404 1442 505 1504 solvis.
533 1441 592 1502 Sed
607 1460 671 1502 eum
685 1450 730 1502 ter
744 1443 879 1502 consules
895 1441 984 1516 facis,
1000 1457 1057 1500 non
1071 1441 1122 1502 tibi

116 1545 233 1604 magnus
248 1529 400 1607 princeps,
417 1526 541 1588 sednon
557 1529 683 1604 ingratus
698 1525 931 1586 amicusvideris.
952 1524 1027 1597 Quin
1038 1527 1122 1586 etiam
1132 1535 1160 1588 15

115 1629 252 1691 perquam
264 1609 375 1670 modica
384 1610 520 1689 quaedam
534 1612 635 1669 civium
648 1612 746 1670 merita
757 1609 887 1670 fortunae
899 1617 964 1668 tuae
976 1609 1086 1669 viribus
1096 1612 1124 1668 in

115 1697 204 1753 maius
220 1693 344 1754 extollis.
372 1692 472 1754 Efficis
487 1696 562 1753 enim
576 1704 607 1754 ut
621 1703 726 1754 tantum
740 1694 791 1754 tibi
810 1695 930 1772 quisque
943 1695 1124 1771 praestitisse

116 1775 244 1835 videatur
254 1785 386 1854 quantum
399 1795 416 1836 a
430 1785 458 1836 te
473 1778 585 1855 recipit.
603 1776 678 1850 Quid
689 1778 735 1838 isti
750 1777 916 1856 benignitati
927 1774 1053 1856 precer?
1070 1778 1125 1837 nisi

116 1868 147 1919 nt
162 1877 276 1937 semper
291 1859 421 1937 obliges,
445 1858 598 1937 obligaris,
620 1863 815 1940 incertumque
830 1860 918 1920 iacias
929 1869 1021 1920 utnrm
1031 1862 1125 1937 magis

65 1942 107 2008 61
119 1942 253 2023 expediat
268 1945 379 2005 civibus
391 1945 447 2005 tuis
458 1943 566 2004 debere
581 1945 632 2005 tibi
643 1962 677 2004 an
689 1947 876 2024 praestitisse.
893 1943 1034 2022 Equidem
1043 1942 1123 2002 illum
1132 1953 1163 2006 to

116 2029 259 2106 antiquum
276 2037 403 2088 senatum
419 2030 547 2088 contueri
560 2028 693 2105 videbar,
710 2046 774 2088 cum
784 2039 829 2089 ter
844 2027 963 2089 consule
974 2026 1125 2088 adsidente

117 2115 200 2172 tertio
213 2111 359 2172 consulem
370 2112 547 2190 designatum
557 2113 651 2189 rogari
662 2115 830 2173 sententiam
841 2129 998 2172 cameram.
1022 2109 1125 2185 Quanti

117 2206 184 2256 tunc
200 2195 257 2274 illi,
276 2206 453 2275 quantusque
468 2194 513 2256 tu!
529 2195 644 2257 Accidit
660 2194 772 2274 quidem
786 2205 817 2256 ut
831 2212 953 2275 corpora
969 2194 1125 2275 quamlibet

117 2279 202 2340 ardua
217 2290 245 2340 et
261 2278 378 2340 excelsa
398 2280 612 2357 procerioribus
626 2278 737 2339 admota
751 2279 936 2348 decrescant;
958 2280 1027 2340 item
1041 2288 1071 2339 ut
1085 2278 1125 2339 al·

117 2365 242 2423 tissimus
261 2365 363 2423 civium
378 2363 528 2441 dignitates
544 2363 695 2424 collatione
707 2362 811 2441 fastigii
823 2365 862 2424 tui
874 2364 955 2444 quasi
965 2362 1123 2443 depriman·
1132 2370 1162 2424 to

116 2454 177 2520 tur,
210 2455 372 2524 quantoque
394 2449 512 2526 propius
539 2447 575 2507 ad
594 2445 814 2525 magnitudinem
834 2456 910 2508 tuam
931 2446 1123 2524 ascenderint,

116 2537 222 2588 tantum
235 2530 318 2587 etiam
330 2547 345 2586 a
356 2546 406 2589 sua
418 2530 605 2592 descendisse
619 2530 774 2591 rideantur.
791 2528 860 2592 lllos
872 2540 965 2592 tamen
976 2539 1017 2606 tu,
1031 2549 1126 2611 quarn·

118 2629 200 2691 quam
214 2628 270 2671 non
285 2613 401 2690 potuisti
415 2613 466 2672 tibi
481 2631 622 2693 aequare,
640 2633 703 2675 cum
717 2614 827 2691 velles,
842 2615 916 2676 adeo
926 2616 955 2674 in
967 2614 1045 2674 edito
1057 2631 1126 2694 con·

117 2696 219 2758 locasti
240 2706 270 2757 ut
290 2704 396 2756 tantum
416 2715 505 2776 super
519 2707 635 2759 ceteros
652 2707 784 2777 quantum
799 2699 870 2758 inira
884 2707 914 2758 te
929 2707 1124 2759 cemerantur.

118 2782 148 2840 si
169 2783 250 2841 unius
272 2783 386 2842 tertium
406 2781 583 2842 consulatum
605 2781 725 2843 eundem
746 2785 775 2842 in
789 2799 890 2842 annum
904 2785 932 2842 in
948 2799 1034 2861 quem
1048 2789 1163 2844 tuumdt

118 2864 307 2942 contulisses,
329 2867 452 2942 ingentis
466 2866 548 2926 animi
563 2868 712 2944 specimen
729 2866 890 2926 baberetur.
918 2863 956 2927 Ut
972 2867 1047 2941 enirn
1062 2865 1126 2926 leli·

119 2949 209 3008 citatis
225 2959 269 3010 est
286 2958 416 3028 quantum
427 2948 501 3011 velis
513 2967 619 3029 posse,
635 2952 677 3009 sic
691 2949 889 3027 magnitudinis
901 2948 980 3009 velle
992 2959 1127 3028 quantum

119 3033 224 3108 possis.
250 3031 414 3093 laudandus
435 3033 550 3112 quidem
570 3041 599 3092 et
619 3032 668 3093 ille
685 3036 732 3112 qui
747 3035 859 3093 tertium
874 3032 1053 3094 consulatum
1067 3052 1126 3094 me·

118 3115 189 3187 ruit,
213 3116 265 3175 sed
285 3118 375 3193 magis
397 3118 449 3177 sub
465 3134 522 3196 quo
537 3118 653 3176 meruit:
675 3134 792 3193 magnus
806 3116 1063 3196 memorandusque
1079 3118 1126 3197 qui

118 3206 224 3259 tantum
239 3202 393 3275 praemium
408 3202 502 3279 cepit,
528 3197 581 3258 sed
601 3203 689 3260 maior
711 3202 758 3279 qui
780 3199 902 3280 capienti
918 3199 1004 3261 dedit.
1040 3200 1163 3280 Quodn

117 3282 193 3361 quod
208 3280 280 3342 duos
295 3285 401 3362 pariter
415 3285 500 3344 tertio
517 3282 680 3360 consulatu,
696 3283 767 3345 dnos
782 3284 912 3362 collegas
923 3286 964 3345 tui
975 3287 1126 3346 sanctitate

118 3363 281 3427 decorasti?
305 3377 335 3426 ut
354 3368 390 3426 sit
412 3368 515 3426 nemini
531 3365 643 3426 dubium
657 3368 729 3427 banc
748 3367 799 3426 tibi
815 3370 996 3448 praecipuam
1012 3386 1128 3430 cansam

103 3447 199 3512 fuisse
215 3449 395 3516 extendendi
411 3449 578 3515 consulatus
592 3453 654 3532 tui,
664 3461 698 3512 ut
708 3450 828 3510 duorum
840 3450 1001 3512 consulatus
1017 3452 1126 3531 ample·
