2400 3840
101 164 142 230 78
528 155 561 220 G.
583 154 681 220 uului

100 316 170 376 Nam
192 317 216 374 si
236 313 292 373 hoo
313 311 483 392 opuseulum
503 319 630 372 nostrum
650 319 697 370 aut
711 309 892 388 potissimum
906 316 989 370 esset
1001 317 1048 369 aut
1060 325 1099 370 so

100 398 168 476 lum,
186 398 309 458 fortasse
327 406 429 475 posset
446 396 545 455 durum
559 394 651 454 videri
666 393 764 454 dicere
783 398 904 470 ‘quaere
919 391 998 471 quod
1013 396 1102 470 agas’:

99 482 187 543 molle
205 491 234 542 et
250 483 398 542 humanum
413 490 458 541 est
471 480 572 541 ‘habes
588 478 664 556 quod
678 483 769 556 agas?
801 476 885 538 Vale.

573 611 636 672 xv.

373 714 400 766 o.
421 711 547 764 ruimus
564 708 716 762 suuuuuo
735 709 795 760 suo
809 707 836 761 S.
1108 650 1121 702 ⁵

77 831 90 882 i
164 817 195 876 Si
216 816 283 896 quid
306 818 435 893 omnino,
462 815 518 876 hoo
543 824 622 875 certe
643 812 750 871 iudicio
777 809 854 869 isoio
879 809 959 888 quod
979 810 1104 871 Asinium

100 900 204 961 Rufum
223 901 405 978 singulariter
421 917 493 960 amo.
514 897 568 959 Est
582 898 667 957 homo
683 894 802 955 eximius
819 904 848 954 et
862 894 1005 954 bonorum
1020 913 1103 954 aman

100 988 236 1062 tissimus.
270 983 329 1044 Gur
352 987 425 1044 euim
447 1002 504 1044 non
524 1000 569 1042 me
591 997 708 1061 quoque
731 981 804 1038 iuter
822 978 915 1039 bonos
941 975 1105 1040 uumeroml

101 1069 180 1129 ldem
196 1067 361 1128 Cornelium
377 1067 503 1128 Taoitum
520 1068 592 1147 (sois
614 1082 700 1144 quern
720 1063 826 1140 virum)
843 1072 905 1122 urta
920 1063 1136 1127 familiaritatem

74 1151 261 1230 aoonplexus
280 1161 334 1214 est.
357 1151 479 1212 Proinde
495 1153 519 1211 si
533 1160 681 1229 utrumque
696 1156 824 1208 nostrum
838 1147 964 1226 probas,
981 1147 1019 1208 de
1037 1147 1104 1207 Rulo

101 1253 216 1314 quoque
233 1255 356 1298 neeesse
373 1245 419 1297 est
434 1234 510 1295 idem
521 1237 638 1311 sentias,
655 1251 719 1293 oum
733 1233 769 1292 sit
783 1230 818 1290 ad
833 1232 1033 1293 conectendas
1046 1233 1104 1292 umi-

74 1321 183 1388 anitius
205 1321 253 1382 vel
277 1322 487 1383 tenacissimum
507 1317 652 1379 viuoulum
668 1333 777 1377 morum
796 1315 965 1376 similitudo.
999 1316 1104 1377 Suutoi

100 1403 184 1466 liberi
203 1405 310 1485 plures.
340 1404 411 1465 Nam
425 1406 453 1465 in
466 1404 523 1465 boo
540 1420 655 1482 quoque
672 1401 786 1461 iuuetus
801 1410 848 1461 est
863 1402 965 1480 optimi
982 1402 1055 1461 uiuis
1068 1401 1104 1460 ol·

94 1490 179 1566 ¹lioio,
196 1491 272 1568 quod
286 1489 459 1550 fecunditate
475 1490 570 1549 uxoris
587 1486 668 1564 large
685 1486 741 1545 lrui
754 1484 844 1544 uoluit
858 1501 895 1544 eo
914 1484 1037 1544 saeculo
1055 1487 1136 1563 quoii

100 1573 248 1652 plerisque
264 1575 348 1632 etiam
359 1572 488 1647 singulos
502 1570 576 1631 lilios
591 1572 719 1631 orbitatis
732 1568 858 1649 praemia
868 1586 975 1646 graues
988 1570 1105 1636 faoiuut;

101 1657 204 1733 quibus
219 1654 268 1714 ille
284 1655 432 1732 despectis
452 1657 496 1714 avi
513 1671 628 1733 quoque
648 1672 752 1713 nomen
769 1652 936 1730 adsumpsit.
968 1652 1024 1714 list
1039 1655 1106 1714 euim

101 1756 186 1814 arus,
200 1747 230 1797 et
245 1736 359 1815 quidem
373 1756 412 1796 ex
426 1737 537 1798 Saturio
552 1737 663 1816 Firmo,
676 1756 766 1816 quem
781 1735 885 1814 diliges
901 1748 932 1799 ut
948 1755 1022 1816 ego,
1038 1741 1063 1799 si
1079 1745 1106 1795 ut

75 1833 160 1899 tego
175 1822 294 1898 propius
308 1823 480 1899 inspexeris.
515 1821 595 1883 Haeo
610 1840 646 1882 eo
661 1824 804 1901 pertinent
824 1830 856 1881 ut
870 1823 947 1882 scias
964 1841 1048 1900 quam
1062 1838 1105 1881 oo·-

101 1907 228 1984 piosam,
251 1922 333 1983 quam
352 1923 532 1968 numerosam
548 1907 660 1967 domum
680 1923 737 1966 uuo
752 1905 896 1966 beuedoio
911 1907 953 1966 sis
970 1906 1139 1984 obligata-iu

102 2007 166 2058 rus;
193 1988 228 2049 ad
249 1989 326 2067 quod
345 1991 500 2069 petendum
519 2002 588 2052 voto
613 1993 748 2069 primum,
776 1988 877 2049 deinde
894 1990 973 2050 bono
990 1990 1105 2068 quodam

76 2075 196 2136 bomine
217 2074 390 2135 adducimur,
425 2075 560 2155 Optamus
576 2078 649 2134 euim
666 2075 716 2134 tibi
734 2075 947 2152 ominamurque
964 2077 994 2133 ln
1014 2075 1104 2152 proxi·

102 2177 177 2218 mum
191 2178 292 2219 annum
307 2159 492 2220 consulatum.
511 2160 615 2221 Itanos
629 2160 751 2219 virtutes
767 2167 843 2235 tuae,
859 2160 897 2218 ita
914 2158 1020 2219 iudioia
1035 2160 1105 2237 prin·

75 2245 177 2320 ocipis
195 2246 326 2318 augurari
337 2243 443 2302 volunt.
467 2241 618 2302 Gouourrit
629 2252 764 2303 autemut
775 2241 924 2302 siteoderu
937 2260 1012 2302 anno
1025 2260 1105 2322 quae·

103 2335 165 2386 stor
179 2327 314 2383 maximus
332 2343 369 2382 ex
383 2324 481 2385 liberis
496 2324 577 2404 uun,
593 2325 709 2388 Asinius
723 2326 846 2404 Bassus,
862 2329 976 2387 iuvenis
994 2328 1139 2407 (nesciuit

100 2427 136 2468 an
151 2407 241 2467 dicam
257 2407 334 2485 quod
348 2425 394 2466 me
408 2416 489 2487 pater
503 2420 533 2471 et
548 2411 654 2471 sentire
673 2419 703 2470 et
718 2411 815 2470 dioere
832 2413 922 2488 eupit,
938 2410 1106 2472 adulescen-

75 2494 138 2557 ttis
159 2491 333 2551 verecundia
354 2493 446 2571 vetat)
468 2494 534 2572 ipso
553 2504 634 2575 patre
655 2494 767 2554 melior.
789 2493 918 2554 Difficile
935 2505 1027 2556 estut
1042 2494 1106 2554 milui

101 2575 136 2635 de
152 2575 271 2636 absente
295 2576 412 2655 eredas,
434 2595 599 2658 quamquam
622 2577 742 2638 eredere
762 2576 841 2638 soles
864 2581 975 2656 omnia,
1004 2589 1107 2640 tautum

100 2663 129 2720 in
139 2660 190 2721 illo
202 2659 367 2739 industriae,
381 2662 541 2741 probitatis,
558 2662 737 2740 eruditionis,
753 2663 871 2740 ingenii,
887 2663 986 2741 studii,
1003 2681 1106 2723 memo·

75 2747 159 2809 Sriae
180 2745 304 2823 denique
325 2765 412 2824 esse,
438 2755 570 2824 quantum
593 2755 730 2826 expertus
749 2747 890 2807 invenies.
923 2746 1040 2808 Vellem
1053 2755 1142 2810 tantu

100 2829 181 2889 ferax
196 2828 342 2889 saeculum
356 2831 438 2890 bouis
452 2831 559 2891 artibus
573 2830 743 2890 haberemus
756 2839 788 2890 ut
799 2828 911 2908 aliquos
923 2831 1016 2892 Besso
1028 2850 1106 2911 prue-

101 2912 178 2972 lerre
197 2913 337 2974 deberes:
361 2923 418 2974 tum
434 2931 491 2992 ego
509 2923 538 2974 te
559 2916 666 2992 primus
685 2913 814 2973 hortarer
830 2931 1039 2995 moneremque
1055 2919 1107 2976 oir-

102 2996 259 3057 oumlerres
275 2996 375 3058 oculos
393 3016 427 3058 ao
442 2998 488 3058 diu
503 2999 663 3077 pensitares
679 3014 763 3075 quern
777 2999 956 3076 potissimum
970 3001 1106 3078 eligeres.

75 3078 183 3146 9Nuuo
197 3097 267 3140 vero
285 3117 325 3125 —
340 3083 393 3142 sed
408 3081 476 3142 nihil
489 3080 559 3141 volo
574 3081 609 3140 de
620 3083 710 3141 amieo
722 3099 788 3141 meo
798 3081 981 3159 adrogantius
998 3085 1107 3161 dicere,

99 3164 156 3224 boo
173 3164 265 3224 solum
281 3165 347 3226 dieo
363 3165 477 3243 dignum
498 3183 565 3226 esse
586 3167 718 3224 iuvenem
731 3183 816 3243 quern
832 3183 912 3226 more
925 3169 1065 3229 maiorum
1080 3169 1142 3230 inat

58 3260 91 3313 10
100 3248 149 3308 lilii
166 3248 261 3318 locum
276 3249 415 3310 adsumas.
446 3249 563 3309 Debent
575 3256 669 3306 autem
685 3250 829 3325 sapientes
841 3250 912 3325 viri,
931 3261 963 3312 ut
978 3261 1021 3329 tu,
1034 3252 1106 3313 tales

100 3333 180 3413 quasi
200 3331 308 3394 liberos
329 3351 346 3392 a
366 3350 399 3391 re
421 3331 534 3411 publiea
554 3332 688 3409 aeoipere
706 3330 806 3409 quales
826 3350 841 3392 a
858 3343 957 3395 nature
978 3336 1106 3397 solemus

100 3425 209 3496 optare.
249 3415 381 3477 Decorus
404 3417 458 3476 erit
482 3415 533 3475 tibi
555 3412 664 3474 oousuli
687 3423 822 3494 quaestor
843 3425 925 3496 patre
948 3422 1105 3498 praetorio,
