2400 3840
516 171 548 233 0.
571 171 668 232 PLlNl

580 324 628 385 Vl.

340 422 367 478 0.
387 423 513 475 PLINIUS
531 323 715 475 ΜῖΜΙΙιΙΑΝΟ
735 421 796 474 SUO
815 421 843 474 S.

62 561 78 614 1
155 546 295 606 Summam
314 555 344 606 te
365 543 539 624 voluptatem
561 542 732 622 percepisse
758 559 796 601 ex
814 540 871 602 isto
895 542 1096 620 copiosissimo

90 648 200 710 genere
220 628 341 690 venandi
361 645 418 689 non
443 628 548 704 miror,
574 643 638 686 cum
660 625 861 686 historicorum
884 642 968 684 more
990 625 1118 696 scribas5

90 732 237 775 numerum
250 714 312 774 iniri
324 730 380 774 non
394 713 532 790 potuisse.
560 706 651 769 Nobis
666 709 763 768 venari
777 727 833 770 nec
848 716 933 769 vacat
944 727 1000 769 nec
1016 708 1095 770 libet:

91 817 147 861 non
162 808 256 876 vacat,
273 799 338 877 quia
353 795 510 856 vindemiae
523 796 552 853 in
563 793 702 871 manibus,
717 809 773 852 non
784 788 868 871 libet,
884 793 952 871 quia
966 795 1094 872 exiguae.

63 881 264 950 aDevehimus
289 889 381 941 tamen
403 896 456 959 pro
476 894 551 938 novo
573 885 664 937 musto
687 892 778 937 novos
802 874 970 938 versiculos
991 878 1097 956 tibique

90 964 293 1026 iucundissime
312 963 455 1041 exigenti,
474 971 504 1022 ut
521 963 642 1040 primum
653 959 823 1021 videbuntur
838 959 1022 1039 defervisse,
1038 962 1097 1023 mit·

89 1058 190 1110 temus.
222 1045 303 1106 Vale.
1104 1058 1133 1112 10

548 1176 638 1240 xvii.

361 1277 388 1328 c.
406 1277 530 1330 PLlNIUS
548 1275 702 1328 onnmouu
716 1275 777 1328 suc
797 1274 823 1331 c.

66 1415 82 1467 1
155 1397 267 1478 Recepi
293 1396 402 1458 litteras
427 1404 507 1473 tuas,
535 1398 636 1476 quibus
659 1396 787 1475 quereris
807 1394 905 1455 taedio
931 1395 985 1457 tibi
1010 1395 1098 1457 luisse

93 1484 220 1560 quamvis
245 1482 428 1542 lautissimam
450 1498 565 1560 cenam,
590 1481 655 1560 quia
677 1496 795 1541 scumae
819 1478 932 1540 cinaedi
953 1481 1098 1540 moriones
1106 1489 1133 1544 15

63 1568 196 1632 emensis
211 1565 380 1625 inerrabant.
409 1563 461 1624 Vis
476 1573 506 1624 tu
517 1566 661 1625 remittere
676 1562 782 1644 aliquid
796 1581 833 1625 ex
846 1560 950 1641 rugis?
967 1563 1098 1643 equidem

91 1647 159 1706 nihil
176 1647 233 1707 tale
248 1647 358 1724 habeo,
374 1646 513 1708 habentes
528 1658 622 1709 tamen
642 1647 716 1707 fero.
749 1645 807 1706 Gur
824 1664 896 1724 ergo
909 1664 969 1707 non
984 1644 1097 1709 habeo?

92 1730 156 1806 quia
169 1746 347 1808 nequaquam
362 1747 407 1790 me
422 1741 453 1791 ut
471 1734 697 1811 inexspectatum
715 1729 886 1792 festivumve
903 1730 1049 1810 delectat,
1075 1731 1097 1792 si

91 1809 159 1888 quid
178 1810 264 1872 molle
281 1831 297 1872 a
319 1813 454 1891 cinaedo,
475 1814 607 1894 petulans
627 1833 644 1874 a
666 1832 781 1891 scurra,
805 1813 922 1875 stultum
937 1832 954 1875 a
969 1817 1097 1876 morione

63 1892 243 1971 sproiertur.
283 1895 347 1957 Non
367 1899 504 1958 rationem
523 1899 576 1959 sed
598 1896 774 1959 stomachum
793 1897 845 1958 tibi
865 1916 961 1959 narro.
995 1898 1136 1979 Adqueao

92 1976 165 2037 adeo
180 1996 263 2057 quam
276 1979 380 2041 multos
395 1990 477 2058 putas
493 1998 577 2059 esse,
600 1999 672 2061 quos
689 2000 723 2042 ea
738 1982 841 2060 quidm
857 1999 915 2060 ego
931 1990 962 2044 et
976 1990 1008 2042 tu
1024 1984 1099 2062 capi·

90 2078 152 2119 mur
167 2069 195 2122 et
210 2062 337 2124 ducimur
357 2066 457 2142 partim
472 2075 502 2124 ut
515 2067 612 2144 inepta
625 2066 726 2143 partim
741 2075 772 2126 ut
789 2062 996 2127 molestissima
1010 2066 1098 2128 olien-

91 2141 176 2205 dant'l
205 2145 295 2218 Quam
316 2146 411 2223 multi,
434 2166 497 2207 cum
518 2148 612 2209 lector
627 2157 674 2208 aut
687 2147 802 2225 lyristes
817 2157 866 2208 aut
883 2150 1045 2213 comoedus
1060 2153 1099 2210 in·

90 2225 192 2287 duetus
214 2238 276 2305 est,
300 2228 416 2290 calceos
437 2242 576 2310 poscunt,
602 2242 720 2294 autnon
736 2234 845 2293 minore
860 2251 926 2292 cnm
942 2234 1041 2296 taedio
1055 2252 1098 2294 re-

91 2309 204 2384 cubant,
228 2328 309 2388 quam
331 2322 361 2372 ιιι
383 2315 436 2375 ista
457 2314 515 2393 (sic
537 2317 611 2376 enim
630 2315 776 2397 appellas)
792 2315 924 2395 prodigia
938 2327 1136 2399 perpessustt

62 2387 145 2486 des?
175 2389 283 2453 Demus
304 2397 389 2472 igitur
408 2395 509 2458 alienis
533 2398 769 2461 oblectationibus
784 2402 914 2480 veniam,
940 2411 973 2462 ιιι
994 2403 1099 2465 nostris

89 2481 275 2549 inpetremns.
308 2478 389 2539 Vale.

536 2612 564 2672 X
634 2658 642 2674 .

377 2709 404 2762 c.
423 2710 549 2762 surmus
564 2612 683 2767 llllno
703 2716 763 2768 suo
782 2715 809 2770 c.
1106 2746 1137 2800 30
1171 2698 1173 2702 ’

64 2816 76 2867 1
103 2889 109 2904 .
152 2807 215 2880 Qua
229 2810 402 2890 intentione,
426 2831 482 2893 quc
500 2816 610 2896 studio,
633 2838 687 2900 qua
700 2821 823 2901 denique
837 2825 978 2885 memoria
992 2823 1101 2903 legeris

89 2885 206 2986 lpbellcs
217 2910 303 2987 ,meos
327 2897 450 2974 epistula
469 2908 516 2958 tua
531 2901 664 2962 ostendit.
688 2902 756 2983 lpse
771 2907 859 2984 igitur
874 2906 1002 2970 exhibea
1012 2926 1100 2986 nego·

91 2976 159 3025 trum
173 2971 240 3048 tubi,
263 2980 310 3054 qui
331 2979 414 3040 elicis
435 2989 465 3041 et
484 2983 585 3045 invitas
605 2994 636 3045 ut
656 3003 738 3063 quam
752 2988 874 3068 plurima
888 2994 1100 3054 communicare

64 3054 297 3148 atecumvelim.
329 3060 455 3132 Faciam
476 3082 530 3143 per
550 3077 646 3144 partes
663 3078 758 3131 tamen
772 3082 802 3133 et
817 3075 899 3152 quasi
914 3075 1049 3155 digesta,
1064 3093 1100 3136 ne

91 3140 171 3190 ustam
188 3151 276 3213 ipsam
290 3147 451 3205 memoriam
467 3150 513 3207 cui
528 3151 632 3226 gratias
646 3169 702 3229 ago
718 3154 887 3218 adsiduitate
902 3167 934 3220 et
945 3163 1034 3239 eopia
1045 3171 1100 3222 tur·
1109 3167 1139 3220 35

91 3212 156 3272 bem
172 3231 371 3318 oneratamque
387 3238 416 3289 et
430 3233 510 3309 quasi
525 3250 694 3312 oppressam
710 3255 811 3318 comm
826 3241 959 3320 pluribus
977 3245 1101 3324 singula,

90 3303 296 3371 postencnbus
313 3312 407 3387 priora
423 3312 571 3375 dimittere.
605 3315 686 3378 Vale.
