2400 3840
57 122 60 127 Ι
130 176 192 241 148
552 168 587 231 c.
605 166 704 230 auru

129 327 271 406 hospitio,
299 333 328 385 ut
342 325 447 386 bonum
460 331 569 402 patrem
584 318 722 396 familiae,
749 328 780 380 ut
797 317 963 397 diligentem
976 315 1119 398 agriooian

129 411 270 488 Intuehar‚
286 407 322 471 tle
337 408 381 470 his
396 407 543 468 locuturus
558 405 586 466 in
601 403 702 482 quibus
715 401 795 463 ilium
808 403 918 467 versari
932 403 1078 484 putabam
1097 410 1121 463 ot

132 512 300 574 coeperam,
326 511 389 554 oum
405 491 454 552 ille
473 508 517 550 me
532 488 697 551 doetissImo
713 504 845 548 sermone
856 486 1006 549 revocavit
1023 487 1059 548 ad
1072 495 1122 548 stu·

108 580 188 643 adia.
211 578 299 651 Quam
314 587 390 638 tersa
405 573 509 636 omnia!
526 592 607 652 quam
623 569 732 631 Latina!
747 588 829 650 quam
844 567 969 633 Graeca!
985 569 1057 632 Nam
1071 580 1123 632 tan-

129 674 188 723 tum
209 672 328 740 utraque
350 661 445 739 lingua
461 656 539 719 rale't
559 667 590 718 ut
612 673 645 716 ea
666 656 756 732 magis
769 653 899 716 uideatur
912 654 1063 716 exoellere
1077 659 1141 734 quat

131 764 194 807 eum
216 746 335 807 maxirue
361 744 495 823 quuitur.
535 741 674 814 Quantum
696 738 747 800 ilie
770 737 855 816 legit!
881 747 1018 816 quantum
1041 737 1125 800 tenet!

104 831 251 893 ththenis
267 830 366 889 viuere
382 827 533 903 hominem,
548 826 647 885 nonin
663 820 730 882 villa
751 832 845 903 putes.
871 820 946 896 Quid
963 819 1072 884 muita?
1084 840 1126 883 ιι·

130 917 173 976 xit
194 913 413 976 sollicitudinem
432 926 522 968 meam
544 909 698 985 eiieoitque
721 916 751 967 ut
773 906 830 966 illis
851 923 925 985 quos
948 906 1126 969 toeussmos

129 999 197 1057 novi
210 1014 266 1056 nou
282 996 373 1053 miuus
386 993 440 1053 hos
459 991 594 1053 seductos
613 1000 642 1052 et
663 992 746 1069 quasi
766 991 890 1051 rustieos
910 1008 1026 1052 verear.
1056 990 1128 1051 Iden

104 1079 237 1144 osuadeo
249 1077 308 1137 tihi.
338 1076 408 1137 Sunt
420 1077 494 1136 enim
509 1077 580 1136 utin
596 1076 696 1135 eastris
711 1075 754 1134 sio
769 1075 853 1135 etiam
866 1075 895 1134 in
908 1073 1014 1136 litteris
1030 1075 1158 1136 nostrislt

131 1161 228 1240 plures
244 1160 321 1221 ooitu
335 1176 464 1239 pagano,
483 1175 555 1237 quos
572 1159 682 1219 cinctos
696 1166 726 1217 et
746 1167 882 1234 armatos,
905 1167 934 1218 et
956 1158 1073 1236 quidem
1091 1176 1128 1219 ar·

131 1244 297 1306 dentissImo
309 1245 437 1322 ingenio,
456 1241 606 1320 diligenter
620 1248 762 1302 scrutatus
775 1241 914 1301 invenies.
945 1240 1030 1303 Vale.

574 1373 678 1435 xxvi.

408 1477 435 1529 C.
455 1473 578 1526 PLINIUS
597 1472 726 1524 MAXIMO
745 1471 850 1524 SUOS.
1136 1501 1162 1556 15

104 1589 119 1640 1
190 1579 289 1656 Nuper
303 1595 348 1636 me
365 1577 509 1636 cuiusdam
525 1575 607 1634 amici
624 1573 744 1651 languor
759 1573 902 1636 admonuit
922 1575 1051 1654 optimos
1067 1593 1130 1639 esse

130 1679 194 1736 nos,
211 1661 275 1720 dum
290 1660 390 1718 infirmi
405 1676 510 1718 sumus.
544 1657 636 1730 Quem
651 1659 726 1719 euIm
741 1657 879 1719 infirmum
893 1668 940 1720 aut
956 1660 1075 1722 avaritia
1087 1668 1130 1720 aut

103 1741 218 1802 ulihido
239 1737 394 1801 sollicitati
415 1740 480 1800 Non
503 1741 643 1825 amorihus
665 1743 770 1820 seruit,
797 1760 854 1802 non
870 1740 982 1822 adpetit
995 1742 1128 1821 honores,

130 1842 202 1902 opes
217 1823 346 1902 neglegit
361 1833 390 1884 et
410 1823 694 1904 quantulumcumque
714 1835 745 1886 ut
767 1823 922 1887 relicturus
944 1827 1016 1889 satis
1038 1826 1128 1888 hahet.

129 1907 208 1968 Tunc
223 1908 304 1985 deos,
320 1918 387 1969 tuno
401 1904 544 1968 hominem
556 1907 667 1970 essese
681 1910 817 1987 meminit,
832 1908 941 1971 Invidet
955 1910 1073 1989 nemim,
1083 1917 1164 1972 ne-to

128 1993 231 2054 minem
245 1994 374 2068 miratur,
396 1996 536 2053 nemiuem
557 1992 680 2070 despicit
699 2010 734 2052 ao
755 2011 791 2053 ue
811 1994 993 2055 sermonibus
1017 1995 1127 2075 quidem

127 2078 259 2157 maIIgnIs
279 2087 326 2137 aut
340 2077 459 2138 attendit
477 2087 525 2138 aut
544 2076 641 2137 alitur:
666 2075 778 2138 haliaea
797 2079 967 2156 imaginatur
982 2088 1011 2140 et
1027 2079 1128 2141 sonus.

102 2160 207 2222 3Haeo
221 2178 328 2223 summa
344 2178 488 2237 curarum,
511 2178 616 2221 summa
632 2168 780 2239 uotorum,
798 2159 974 2240 mollemque
992 2164 1128 2244 imposte

129 2262 190 2303 rum
204 2252 234 2303 et
248 2245 392 2322 pinguem,
408 2245 432 2303 si
448 2245 591 2320 eoutIngat
608 2242 747 2322 euadere,
768 2243 826 2304 hoo
841 2253 885 2306 est
905 2245 1052 2308 innoxiam
1067 2247 1129 2308 hoa·

104 2328 241 2403 ‘Itemque
253 2325 373 2385 destinat
385 2327 479 2384 vitam.
499 2325 618 2388 Possum
630 2343 700 2405 ergo
717 2327 792 2405 quod
806 2327 933 2408 plurimis
942 2331 1055 2410 verbis,
1071 2331 1163 2410 pta-at

127 2409 203 2468 rimis
219 2409 302 2468 etiam
316 2407 503 2471 voluminibus
518 2410 681 2489 philosophi
699 2409 805 2472 dooere
822 2422 960 2474 oonantur
982 2416 1048 2494 ipse
1068 2416 1129 2476 hre-

127 2491 200 2551 viter
215 2492 267 2551 tihi
280 2491 405 2569 mihique
420 2496 605 2573 praecipere,
621 2502 652 2553 ιι
661 2493 734 2555 tales
745 2513 812 2556 esse
828 2498 889 2558 sani
908 2515 1128 2577 perseveremus

128 2574 226 2653 quales
241 2592 293 2635 nos
309 2575 419 2636 futuros
434 2579 603 2657 profitemur·
611 2577 719 2636 infirmi.
748 2577 828 2639 Vale.

567 2709 685 2770 XXVII.

419 2806 446 2856 G.
465 2805 589 2858 PLINIUS
608 2806 714 2859 SURAE
733 2806 793 2859 SUO
812 2807 838 2859 S.

104 2919 118 2968 1
187 2906 224 2966 Et
238 2907 304 2966 mihi
319 2906 447 2969 discendi
465 2916 495 2968 et
508 2909 559 2968 tihi
574 2907 695 2970 docendi
714 2907 878 2970 facultatem
895 2911 986 2972 otium
1000 2911 1127 2992 praehet.

124 2987 213 3064 Igitur
229 3007 365 3069 perquam
378 2988 466 3050 velim
481 2993 574 3069 seire,
599 3012 666 3054 esse
689 2993 880 3073 phantasmata
898 3003 929 3055 et
942 2993 1052 3058 habere
1064 3011 1128 3077 pro·

123 3071 211 3148 priam
232 3073 348 3148 figuram
370 3091 529 3153 numenque
545 3075 661 3154 aIIquotI
683 3086 767 3154 putes
789 3095 824 3138 an
844 3077 937 3139 iuauia
958 3089 989 3141 et
1002 3097 1075 3141 vana
1092 3097 1129 3141 ex

100 3161 202 3214 ametu
217 3165 314 3215 nostro
328 3158 478 3236 imaginem
491 3160 633 3236 aooIpere.
667 3159 732 3237 Ego
746 3171 776 3222 ιι
796 3179 864 3224 esse
886 3161 1005 3224 oredam
1023 3165 1052 3225 in
1073 3164 1164 3242 pri-at

122 3238 175 3298 unit
192 3252 227 3299 eo
243 3235 332 3298 ducor
347 3241 423 3318 quod
436 3241 519 3302 audio
534 3241 676 3305 accidisse
692 3242 789 3305 CurtIo
805 3245 890 3306 Rufo.
914 3243 1023 3310 Tenuis
1038 3247 1129 3309 adhue

124 3329 153 3378 et
167 3322 306 3382 obscurus
328 3323 465 3386 obtinenti
485 3325 612 3386 Africam
633 3344 730 3389 eomes
750 3327 899 3390 haeserat:
924 3331 1062 3395 inoiimto
1082 3331 1128 3393 die

122 3405 293 3482 spatiabatur
309 3408 336 3466 In
352 3409 478 3487 porticu:
495 3409 612 3470 offertur
626 3411 653 3471 ei
669 3409 796 3473 mulieris
809 3413 900 3490 figura
912 3413 1036 3481 humma
1045 3435 1129 3497 grun-

1133 2754 1164 2808 30
