2400 3840
384 160 648 221 EPISTULARUM
661 159 685 220 l.
706 170 749 237 19.
764 171 809 224 20·
1059 165 1099 229 17

89 315 199 395 alioqui
217 315 425 395 praevaricatio
441 324 486 375 est
504 314 621 374 transire
638 313 773 393 dicenda,
790 317 995 395 praevaricatio
1013 320 1098 378 etiam

91 401 199 461 cursim
221 408 251 459 et
271 398 399 459 breviter
417 399 558 476 attingere
575 415 647 475 quae
663 399 719 457 sint
740 398 921 478 inculcanda,
945 401 1097 480 infigenda,
1184 428 1193 444 ·

90 482 261 563 repetenda.
291 480 364 543 Nam
385 481 532 561 plerisque
552 481 683 559 longiore
704 491 822 543 tractatu
845 485 888 543 vis
910 485 1046 563 quaedam
1068 493 1123 546 ct3

91 567 207 647 pondus
222 566 353 644 accedit,
375 575 463 645 utque
480 567 596 643 corpori
613 564 736 641 ferrum,
760 569 804 626 sic
825 569 916 627 oratio
935 570 1026 629 animo
1041 585 1098 628 non

71 653 151 713 nictu
164 653 258 727 magis
274 666 356 730 quam
374 666 452 709 mora
465 651 632 729 inprimitur.
659 647 713 709 Hic
727 648 783 708 ‘ille
797 668 908 710 meeum
923 655 1122 714 auctoritati-l

90 734 144 797 hus
159 735 221 815 agit
236 752 271 794 ac
287 732 355 793 mihi
369 752 407 794 ex
423 732 540 795 Graecis
555 735 700 794 orationes
713 731 815 808 lysiae
833 743 972 813 ostentat,
997 755 1034 796 ex
1047 754 1098 797 no·

93 820 160 881 stris
180 816 375 879 Gracchorvnn
390 816 577 896 Catonisque,
596 833 715 894 quorum
728 835 798 878 sane
812 816 949 896 plurimae
963 829 1029 880 sunt
1044 823 1097 880 oir-

94 903 239 963 cnmcisae
253 910 282 961 et
296 901 418 962 breves:
433 919 491 980 ego
502 900 603 977 Lysiae
613 899 839 976 Demosthenen,
854 901 1030 981 Aeschinen,
1042 904 1098 979 lly-

94 984 235 1066 pcridcn,
259 983 421 1065 multosque
436 994 604 1065 praeterea,
628 983 764 1046 Gracchis
779 993 809 1045 et
824 982 925 1045 Catoni
939 985 1097 1061 Polionem,

61 1073 89 1127 10
96 1067 261 1146 Gaesarem,
279 1066 418 1146 (laelium,
437 1071 465 1129 in
477 1070 573 1147 primis
586 1067 624 1128 hl.
633 1066 755 1128 Tullium
767 1085 894 1149 oppono,
915 1072 995 1131 cuius
1009 1073 1098 1130 oratio

95 1155 202 1233 optima
223 1150 314 1213 fertur
332 1171 399 1214 esse
418 1170 491 1232 quae
512 1155 639 1212 maxima.
672 1151 711 1212 Et
730 1152 855 1214 Hercule
870 1163 902 1213 ut
920 1153 991 1215 aliae
1008 1155 1099 1215 honae

94 1256 142 1298 res
157 1239 200 1298 ita
220 1236 313 1296 honus
336 1236 411 1297 liber
429 1235 533 1296 melior
553 1245 599 1298 est
620 1237 741 1315 quisquc
758 1254 815 1316 quo
832 1240 930 1298 maior.
961 1238 1051 1299 Vides
1069 1249 1124 1299 ut5

96 1316 221 1396 statum,
245 1323 345 1398 signa,
366 1322 510 1399 picturas,
526 1319 668 1380 hominum
682 1321 804 1399 denique
819 1321 1027 1400 multorumque
1043 1324 1100 1381 ani·

96 1403 211 1466 malium
221 1403 337 1482 formas,
352 1404 485 1465 arborum
500 1407 594 1482 etiam,
611 1405 635 1463 si
648 1402 733 1464 modo
745 1406 801 1464 sint
814 1405 949 1483 decorae,
965 1404 1034 1465 nihil
1043 1422 1100 1465 ma·

59 1491 141 1567 tagis
157 1506 242 1568 quam
256 1487 410 1568 amplitudo
427 1486 616 1549 commendet.
635 1485 714 1546 ldcm
726 1489 897 1549 orationibus
909 1491 1016 1566 evenit,
1034 1491 1101 1566 quin

98 1574 183 1634 etiam
201 1570 393 1633 voluminibus
410 1573 482 1650 ipsis
503 1573 698 1632 auctoritatem
715 1571 852 1650 quandam
871 1582 900 1632 et
914 1571 1100 1650 pulchritudi-

97 1674 163 1717 nem
181 1654 268 1717 adicit
287 1655 460 1735 magnitudo.
493 1655 571 1716 Haec
591 1651 641 1715 ille
656 1653 799 1734 multaque
815 1655 869 1716 alia
889 1674 962 1735 quae
977 1675 993 1716 a
1012 1673 1057 1716 me
1073 1657 1126 1722 ina

98 1739 218 1801 eandem
233 1742 401 1802 sententiam
415 1740 512 1801 solent
525 1740 598 1818 dici,
616 1748 646 1799 ut
661 1749 706 1799 est
721 1741 749 1799 in
764 1740 932 1818 disputando
947 1742 1100 1820 inconpre-

97 1821 248 1884 hensibilis
271 1833 301 1883 et
321 1823 465 1901 lubricus,
490 1825 530 1885 ita
545 1823 634 1885 eludit
654 1832 684 1883 ut
699 1823 850 1885 contendat
866 1824 944 1885 hos
936 1841 1016 1904 ipsos
1031 1843 1101 1903 quo-

58 1922 161 1977 aarum
180 1909 356 1969 orationibus
372 1911 444 1969 nitar
463 1910 597 1988 pauciora
620 1908 726 1968 dixisse
750 1925 831 1987 quam
855 1908 1003 1969 ediderint
1036 1908 1101 1986 Ego

98 2002 200 2053 contra
212 2000 292 2073 puto
327 1990 432 2053 Testes
447 2003 511 2053 sunt
526 1991 630 2052 multae
644 1990 795 2051 multorum
815 1995 957 2053 orationes
973 2003 1002 2053 et
1017 1989 1101 2053 (lice-
1090 2003 1127 2057 -7

97 2077 176 2136 ιοιιίι
193 2093 248 2155 pro
262 2073 396 2155 llurcna,
413 2093 465 2155 pro
478 2076 633 2152 Vareno,
624 2094 653 2133 ιιι
666 2075 768 2153 quihus
782 2076 878 2136 brevis
891 2085 920 2135 et
934 2076 1007 2135 nuda
1022 2079 1103 2154 quasi

99 2160 276 2238 subscriptio
294 2159 467 2239 quorundam
483 2161 626 2220 criminum
643 2158 713 2219 solis
728 2158 816 2219 titulis
831 2158 979 2219 indicatur
999 2158 1045 2219 Ex
1059 2158 1102 2220 his

91 2252 221 2325 apparet
235 2241 315 2305 ilium
328 2243 467 2324 permulta
482 2243 605 2321 dixisse,
629 2260 693 2302 cum
712 2242 828 2321 ederet,
851 2244 991 2304 omisisse
1026 2241 1131 2306 ldem8

59 2335 153 2408 ltpro
172 2324 306 2388 Cluentio
325 2330 363 2388 ait
383 2347 417 2388 se
438 2337 524 2389 totam
545 2345 658 2388 causam
677 2335 777 2387 vetere
791 2329 919 2388 instituto
935 2327 1027 2389 solum
1038 2346 1104 2406 per·

98 2429 212 2489 orasse,
228 2421 258 2472 et
274 2429 326 2491 pro
342 2408 375 2472 0.
390 2408 525 2472 Cornelio
541 2410 695 2491 quadriduo
710 2413 823 2489 egisse:
840 2430 877 2472 ne
893 2411 1021 2472 dubitare
1036 2429 1104 2491 pos·

98 2498 187 2557 simus
202 2512 275 2573 quae
290 2494 456 2574 perplures
471 2495 544 2573 dies,
556 2505 587 2556 ut
600 2513 724 2556 necesse
739 2505 817 2574 erat,
838 2496 921 2557 latius
937 2495 1039 2556 dixerit
1053 2514 1104 2574 po·

98 2587 162 2639 stea
181 2581 277 2640 recisa
298 2597 333 2639 ac
351 2590 505 2658 repurgata
524 2582 553 2639 in
572 2596 656 2638 unum
676 2577 795 2657 librum,
821 2579 956 2657 grandem
978 2579 1102 2659 quidem,

98 2680 185 2722 unum
199 2660 304 2740 tamen,
321 2672 476 2723 coartasse.
512 2661 556 2722 hd
571 2662 646 2722 aliud
661 2672 706 2724 est
717 2665 791 2723 actio
805 2664 894 2741 hona,
916 2662 990 2723 aliud
1005 2665 1131 2723 oratictt

58 2746 168 2809 308cio
184 2763 243 2805 non
257 2745 341 2808 nullis
358 2748 396 2807 ita
409 2747 516 2825 videri,
533 2747 586 2807 sed
603 2764 671 2825 ego,
687 2746 804 2809 forsitan
822 2747 919 2824 lallar,
937 2764 1104 2825 persuasum

99 2830 194 2891 haheo
206 2847 295 2908 posse
306 2831 367 2891 lieri
382 2840 411 2891 ut
423 2833 459 2892 sit
473 2833 548 2892 actio
560 2831 634 2892 hona
644 2848 717 2909 quae
729 2849 786 2890 non
799 2833 836 2891 sit
846 2832 921 2891 bona
935 2830 1034 2905 oratio,
1048 2847 1105 2889 non

98 2932 190 2994 posse
211 2931 269 2974 non
291 2913 394 2976 honam
412 2915 554 2976 actionem
576 2933 644 2975 esse
665 2932 737 2993 quaa
759 2916 797 2975 sit
818 2915 892 2973 bona
919 2915 1016 2974 oratio.
1051 2913 1104 2974 Est

100 3000 175 3058 enim
191 2999 282 3058 oratio
300 2999 423 3059 actionis
445 2989 591 3078 exemplar
611 3007 642 3058 et
659 3000 739 3076 quasi
755 2988 951 3078 ἀρχέτυπον.
989 2997 1083 3058 ideo
1075 3017 1102 3057 m
1114 3006 1147 3058 10

100 3082 208 3181 optima
231 3100 344 3161 quaque
364 3079 444 3143 mille
464 3084 569 3161 figuras
578 3081 832 3182 extemporales
823 3082 997 3161 invenimus,
1022 3085 1050 3142 in
1071 3084 1105 3143 iis

59 3167 186 3229 rhetiam
207 3183 276 3245 quas
297 3175 403 3227 tantum
425 3166 516 3227 editas
542 3168 665 3244 scimus,
691 3175 721 3226 ut
742 3168 769 3225 in
792 3165 929 3244 Verrem,
957 3168 1106 3229 ‘artificem

99 3246 209 3330 quem?
231 3247 399 3329 quemnam?
419 3260 502 3312 recte
514 3250 664 3310 admones:
685 3248 855 3326 Polyclitum
869 3270 937 3312 esse
952 3250 1105 3311 dicebant!

100 3334 240 3411 Sequitur
255 3351 325 3411 ergo
340 3336 460 3395 utactio
475 3337 512 3396 sit
526 3333 734 3395 absolutissima
750 3352 821 3412 quae
835 3337 954 3396 maxime
972 3334 1106 3395 orationis

101 3417 313 3560 shnlipitudiprem
335 3420 527 3498 expresserit,
548 3421 573 3480 si
587 3417 671 3478 modo
685 3419 787 3478 iustum
806 3429 834 3479 et
854 3419 978 3560 debitpm
994 3427 1106 3496 tempus

181 3522 216 3560 llil
261 3522 284 3559 Ρ.
