2400 3848
338 198 600 261 uersuuuuuuu
614 157 677 260 uu.
697 208 852 263 mense
1057 195 1100 265 et

95 372 164 416 cere
180 353 319 415 eiusmodi
332 351 494 432 exemplum
508 354 630 413 nonnisi
644 353 756 428 severi,
771 352 926 414 institutum
938 351 1099 412 reductum·

93 456 131 499 ve
150 455 289 500 exercere
306 437 389 497 etiarn
404 435 541 497 lenissimi
556 445 687 515 possunt.
717 433 800 496 Vale.

70 695 87 748 5
323 668 350 720 G.
369 668 494 721 PLINIUS
509 568 631 721 Llffl
647 668 753 720 subdu
770 666 831 718 SUO
851 666 877 718 S.

158 771 249 834 Attuli
263 773 316 833 tibi
332 791 370 833 ex
382 774 472 853 patria
483 791 547 834 mea
560 790 614 852 pro
628 769 796 833 munusculo
812 770 1006 850 quaestionem
1023 769 1127 840 altis-1

94 859 166 919 sima
182 858 236 918 ista
254 856 413 918 eruditione
433 857 632 935 dignissimam.
665 854 742 916 Fons
759 856 847 914 oritur
866 856 896 914 in
909 863 1023 931 monte,
1050 867 1129 933 pera

94 959 164 1003 saxa
184 941 326 1019 decurrit,
346 943 489 1020 excipitur
510 939 704 1001 cenatiuncula
720 957 802 999 mauu
825 937 915 999 facta:
934 937 974 999 ibi
988 936 1103 1018 paulum

95 1034 224 1086 retentus
238 1027 267 1085 iu
280 1023 392 1085 barium
403 1023 496 1086 lacum
508 1024 624 1086 decidit.
645 1023 734 1084 Huius
747 1025 816 1082 mira
830 1032 941 1083 natura:
955 1029 1001 1082 ter
1014 1023 1043 1081 in
1057 1021 1103 1082 die

52 1119 87 1172 10
95 1110 176 1188 statis
192 1109 323 1170 auctibus
341 1127 376 1169 ac
397 1108 624 1169 diminutionibus
641 1108 746 1169 erescit
760 1107 973 1184 decrescitque.
1004 1103 1130 1172 Cerni-e

95 1203 142 1256 tur
155 1192 185 1255 id
199 1191 292 1273 palam
307 1202 336 1253 et
352 1210 415 1252 cum
429 1211 535 1254 summa
548 1192 695 1272 voluptate
711 1190 942 1269 deprehenditur.
963 1189 1044 1250 luxta
1058 1207 1103 1250 re·

98 1277 209 1338 cumbis
229 1285 259 1337 et
278 1277 409 1337 vesceris
431 1285 516 1354 atque
533 1277 617 1336 etiam
634 1294 671 1336 ex
691 1278 756 1356 ipso
776 1274 856 1334 iente
870 1275 949 1353 (uam
964 1282 1009 1334 est
1025 1273 1104 1351 inigi-

98 1358 247 1438 dissimus)
268 1368 366 1438 potas:
384 1361 496 1420 interim
514 1359 565 1419 ille
581 1360 668 1419 certis
683 1358 876 1435 dimensisque
890 1359 1040 1418 momentis
1055 1356 1104 1416 vel

98 1441 272 1503 subtrahitur
285 1441 333 1502 vel
347 1442 482 1520 adsurgit.
503 1442 626 1501 Anulum
640 1460 693 1502 seu
705 1440 773 1519 quid
785 1439 862 1499 aliud
874 1441 957 1520 ponis
971 1442 999 1498 in
1009 1441 1130 1518 sicco,4

55 1539 88 1592 le
98 1526 222 1587 adluitur
236 1527 344 1587 sensim
358 1544 392 1585 ae
406 1527 562 1587 novissime
577 1526 721 1605 operitur,
737 1524 881 1601 detegitur
893 1541 991 1584 rursus
1007 1522 1104 1603 paula·

98 1613 206 1689 timque
222 1608 378 1671 deseritur:
395 1611 419 1670 si
435 1609 539 1671 diutius
554 1609 705 1687 observes,
724 1617 874 1685 utrumque
890 1609 991 1668 iterum
1001 1625 1035 1667 ac
1048 1616 1105 1668 ter-

98 1697 139 1755 tio
153 1694 261 1755 videas.
283 1693 443 1773 Spiritusne
457 1692 560 1773 aliquis
572 1692 758 1754 occultiores
769 1693 856 1753 ioutis
868 1691 1130 1752 etiaueesmod05

98 1777 175 1838 laxat
188 1778 274 1839 ruodo
288 1776 420 1856 includit,
441 1787 526 1856 prout
539 1777 641 1839 inlatus
657 1778 782 1838 occurrit
801 1785 848 1837 aut
864 1775 991 1837 decessit
1005 1774 1105 1855 expul-

98 1857 169 1922 sus?
191 1861 268 1940 quod
280 1863 310 1921 in
323 1861 455 1941 ampullis
472 1864 637 1941 ceterisque
648 1863 763 1940 generis
779 1859 907 1922 eiusdem
918 1859 1047 1920 ridemus
1058 1869 1130 1923 ate-6

56 1945 214 2023 accidere,
237 1945 339 2025 quibus
358 1963 415 2006 non
434 1947 515 2008 hians
536 1965 592 2006 nec
611 1947 704 2008 statim
717 1953 819 2024 patens
834 1945 938 2006 exitus.
969 1942 1040 2004 Nam
1056 1942 1106 2004 illa

98 2047 225 2109 quoque,
242 2047 408 2108 quamquam
421 2047 511 2110 prona
530 2040 616 2108 atque
630 2029 790 2105 vergentia,
805 2046 858 2107 per
875 2026 1008 2107 quasdam
1022 2026 1102 2087 oblu-

99 2114 201 2174 ctantis
224 2115 331 2172 animae
352 2130 444 2174 moras
466 2113 577 2173 crebris
604 2113 683 2189 quasi
705 2110 876 2188 singultibus
900 2113 1003 2172 sistunt
1029 2110 1105 2188 quod

97 2194 255 2256 effundunt.
288 2195 333 2255 An
349 2215 422 2274 quae
438 2213 547 2258 oceano
563 2204 676 2273 natura,
692 2194 764 2255 ionti
777 2211 909 2274 quoque,
928 2210 1040 2272 quaque
1054 2192 1131 2257 ille'l

96 2282 209 2341 ratione
226 2288 274 2341 aut
284 2278 431 2358 inpellitur
446 2288 493 2341 ant
506 2280 682 2357 resorbetur,
698 2279 751 2339 hac
765 2278 894 2339 modicus
908 2277 955 2337 hic
970 2295 1051 2337 umor
1064 2277 1106 2337 vi-

55 2369 90 2424 25
101 2364 183 2425 cibus
198 2362 316 2426 alternis
330 2367 512 2445 supprimitur
525 2363 573 2425 vel
587 2359 736 2441 egeritur?
758 2363 804 2422 An
820 2373 851 2424 ut
865 2363 977 2422 llumina
992 2381 1064 2442 quae
1078 2364 1132 2424 inb

99 2465 178 2508 marc
199 2447 366 2509 deierantur
390 2448 606 2511 adversantibus
628 2449 721 2508 ventis
745 2448 888 2526 obvioque
911 2455 992 2508 aestu
1014 2456 1106 2507 retor-

100 2540 240 2610 quentur,
260 2534 298 2592 ita
319 2541 365 2593 est
384 2530 491 2611 aliquid
511 2532 588 2612 quod
601 2532 684 2593 huius
699 2533 786 2595 lentis
801 2550 954 2593 excursum
968 2549 1106 2611 repercu-

100 2611 173 2676 tiatl
197 2615 243 2674 An
265 2614 419 2677 latentibus
440 2618 523 2678 venis
544 2626 623 2677 certa
641 2634 788 2694 mensura,
815 2633 887 2695 quae
909 2616 973 2676 dnm
996 2615 1132 2692 colligit9

101 2698 179 2778 quod
195 2699 375 2778 exhauserat,
391 2701 481 2761 minor
497 2702 575 2763 rivus
590 2710 619 2761 et
634 2702 756 2778 pigrior,
775 2717 838 2760 cunr
858 2698 988 2776 collegit,
1005 2697 1107 2774 agilior

57 2784 247 2862 bomaiorque
261 2780 426 2863 prolertur?
444 2785 490 2844 An
510 2787 610 2846 nescio
632 2783 709 2862 quod
726 2782 923 2844 libramentum
937 2781 1060 2841 abditum
1077 2791 1107 2842 et
1116 2789 1147 2842 1u

103 2884 237 2945 caecum,
259 2867 416 2945 quodcum
438 2870 608 2929 exinanitum
628 2876 688 2943 est,
710 2867 829 2927 suscitat
850 2875 879 2926 et
892 2865 973 2925 elicit
987 2865 1106 2944 iontem,

102 2968 167 3011 cum
192 2948 350 3029 repletum,
378 2961 504 3012 moratur
530 2962 560 3012 et
587 2947 763 3029 strangulat?
792 2950 927 3010 Scrutare
950 2959 980 3010 tu
1007 2967 1106 3010 causas
1115 2956 1148 3010 ll

102 3035 205 3113 (potes
222 3034 329 3113 euim),
353 3052 426 3114 quae
445 3045 551 3098 tantum
566 3034 731 3095 miraculum
748 3033 888 3094 efficiunt:
910 3032 977 3094 mihi
995 3033 1106 3094 abunde

101 3127 159 3195 est,
176 3119 200 3178 si
215 3119 283 3182 satis
300 3121 431 3199 expressi
446 3120 523 3199 quod
538 3120 668 3182 eflicitur.
700 3116 781 3177 Vale.

507 3346 705 3357 -—-———-
