2400 3840
359 205 639 304 *PANEGYRICUS
660 216 703 270 nt.
719 218 764 271 25.
776 219 819 274 26.
1039 211 1102 278 253

97 374 199 425 tamen.
223 359 299 421 Anto
314 370 343 420 ta
360 361 505 440 principes
517 362 630 422 fastidio
641 362 730 422 nostri
745 371 775 423 et
790 363 911 442 quodam
925 367 1102 446 aequalitatis

97 457 174 508 metu
184 463 265 505 usum
279 443 384 524 pedum
396 445 554 506 amiserant.
576 445 646 507 Illos
657 464 729 524 ergo
740 449 829 508 umeri
842 452 1030 530 cervicesque
1042 471 1102 512 ser·

96 548 195 592 vorum
213 547 301 609 super
317 546 367 589 ora
379 538 492 608 nostra,
512 530 646 607 talama,
664 540 693 591 te
708 530 814 610 gloria,
836 542 865 593 ta
881 537 984 595 civium
999 537 1101 613 pietas,

96 627 125 678 te
141 615 259 676 libertas
271 631 361 692 super
375 616 455 692 ipsos
469 615 616 694 principes
630 615 751 684 vehunt;
768 625 798 676 te
812 615 847 675 ad
861 618 956 679 sidera
966 618 1041 680 tollit
1052 619 1103 679 hu-

71 699 157 760 5mus
173 701 227 760 ista
245 700 399 759 communis
414 707 443 758 et
459 698 578 759 confusa
591 699 729 778 principis
744 701 876 777 vestigia.

160 782 225 843 Nec
245 800 367 860 vereor,
394 791 491 861 patres
510 784 686 860 conscripti,
712 802 749 844 ne
770 783 885 861 longior
898 786 1013 863 videar,
1038 779 1153 846 cum25

96 869 133 928 sit
153 869 272 928 maxime
290 866 442 947 optandum
461 877 491 927 ut
512 885 546 927 ea
566 884 619 946 pro
640 868 743 946 quibus
765 878 886 946 aguntur
900 871 1020 952 principi
1038 888 1102 948 gra·

95 953 152 1012 tiae
167 951 255 1011 multa
269 954 339 1012 sint:
364 970 436 1031 quae
451 950 565 1031 quidem
578 954 757 1012 reverentius
772 951 858 1014 iuerit
875 955 987 1032 integra
1005 953 1102 1014 inliba-

98 1045 184 1114 taque
206 1037 426 1113 cogitationibus
445 1037 551 1097 vestris
566 1036 709 1096 reservari
724 1053 806 1115 quam
829 1039 948 1116 carptim
964 1038 1103 1099 breviter·

58 1123 88 1174 10
99 1138 154 1198 que
172 1121 342 1199 perstringi,
358 1121 423 1199 quia
437 1118 500 1180 iere
515 1122 644 1199 sequitur
656 1130 688 1181 ut
702 1119 751 1181 illa
765 1120 880 1199 quidam
896 1121 931 1181 de
946 1121 1048 1202 quibus
1063 1132 1102 1182 ta·

96 1221 165 1264 ceas
186 1212 262 1263 tanta
285 1213 388 1282 quanta
409 1214 474 1264 sunt
497 1222 565 1265 esse
584 1204 747 1266 videantur:
768 1206 823 1266 nisi
845 1223 917 1265 vero
940 1205 1043 1266 leviter
1062 1214 1103 1265 at·

97 1287 166 1364 tingi
186 1286 282 1365 placet
302 1286 491 1366 locupletatas
508 1288 599 1349 tribus
620 1286 771 1366 datumque
793 1290 967 1365 congiarium
982 1289 1102 1368 populo,

97 1380 126 1432 et
142 1370 235 1430 datum
251 1380 357 1448 toturn,
375 1388 439 1429 cum
456 1371 579 1431 donativi
594 1381 704 1449 partem
718 1371 823 1433 milites
838 1373 1031 1451 accepissent.
1059 1372 1102 1432 dn

95 1453 248 1516 mediocris
264 1456 347 1515 animi
362 1463 407 1516 est
427 1453 472 1514 his
484 1456 579 1532 potius
600 1464 819 1535 repraesentare
834 1455 937 1535 quibus
949 1458 1040 1534 magis
1054 1475 1090 1515 ne

54 1544 87 1597 15
97 1540 157 1616 gari
179 1535 298 1618 potest?
325 1555 491 1617 quamquam
503 1539 532 1598 iu
546 1538 600 1600 bac
615 1556 731 1617 quoque
747 1539 912 1601 diversitate
926 1540 1103 1618 aequalitatis

96 1624 167 1682 ratio
190 1632 302 1684 servata
326 1631 380 1683 est.
413 1620 535 1701 Aequati
558 1631 625 1684 suut
637 1624 713 1682 enim
728 1622 837 1702 populo
852 1623 957 1685 milites
975 1623 1105 1703 eoquod

95 1705 222 1786 partem,
245 1707 297 1768 sed
313 1709 444 1788 priores,
467 1707 593 1787 populus
609 1705 763 1787 militibus,
781 1707 858 1786 quod
874 1709 1034 1788 posterior,
1051 1707 1104 1769 sed

96 1801 186 1852 totum
206 1794 300 1853 statim
315 1792 439 1871 accepit.
472 1790 626 1853 Enimvero
643 1809 698 1870 qua
713 1791 889 1870 benignitate
909 1794 1029 1854 divisum
1044 1791 1102 1853 est!

97 1885 276 1956 quantaeque
292 1894 377 1937 curae
391 1876 444 1937 tibi
458 1875 510 1936 luit
527 1895 564 1938 nc
580 1877 642 1955 quis
660 1892 766 1953 expers
780 1876 956 1937 liberalitatis
971 1886 1037 1937 tuae
1053 1877 1103 1936 lie·

54 1959 155 2021 toret!
191 1959 293 2022 Datum
309 1971 354 2022 est
377 1962 413 2020 iis
435 1962 482 2037 qui
498 1970 563 2039 post
578 1960 701 2021 edictum
716 1969 793 2020 tuum
808 1962 835 2020 in
850 1960 945 2021 locum
959 1977 1104 2020 erasorum

96 2042 201 2105 subditi
219 2045 347 2120 fuerant,
374 2046 544 2123 aequatiqne
564 2055 629 2105 sunt
651 2046 757 2105 ceteris
772 2043 813 2103 illi
831 2044 914 2104 etiam
930 2044 1032 2124 quibus
1046 2060 1103 2103 non

97 2138 157 2189 erat
170 2130 350 2208 promissum.
388 2126 522 2205 Negotiis
538 2127 655 2207 aliquis,
676 2127 839 2188 valetudiue
857 2127 946 2205 alius,
962 2128 1101 2205 hiemari,

95 2211 147 2272 ille
162 2212 322 2272 fluminibus
338 2212 536 2273 distinebatur:
564 2221 733 2290 expectatus
756 2221 817 2291 est,
841 2213 1044 2291 provisumque
1067 2229 1104 2271 na

98 2298 160 2374 quis
176 2315 280 2374 aeger,
298 2315 334 2356 nc
349 2298 412 2376 quis
426 2305 595 2376 occupatus,
606 2315 647 2356 -ne
664 2298 727 2374 quis
742 2295 865 2376 danique
880 2295 967 2374 longe
984 2296 1103 2357 fuisset:

54 2385 87 2436 25
97 2383 208 2441 veniret
223 2383 365 2460 quisque,
393 2398 457 2440 cum
472 2380 578 2458 vellet,
606 2382 717 2442 veniret
738 2382 875 2461 quisque,
904 2399 967 2440 cum
991 2390 1102 2460 posset.

98 2463 290 2545 Magnificum,
307 2462 429 2544 Caesar,
449 2474 479 2525 et
492 2475 571 2526 tunm
585 2465 819 2527 disiunctissimas
834 2475 925 2527 terras
939 2465 1103 2525 munificen-

98 2551 154 2609 tiae
173 2551 287 2627 iugenio
315 2549 394 2610 velut
421 2549 801 2629 admovere,inmensaque
822 2550 914 2628 spatia
935 2549 1104 2612 liberalitate

101 2633 286 2713 contrahere,
311 2632 491 2695 intercedere
514 2634 643 2714 casibus,
670 2652 824 2696 occursare
845 2634 990 2712 fortunae,
1018 2643 1103 2711 atquc

100 2718 174 2775 omni
195 2734 252 2795 ope
273 2716 358 2778 adniti
372 2736 414 2779 'ne
430 2721 492 2796 quis
514 2738 532 2779 o
557 2716 645 2798 pleba
670 2717 796 2778 Romana
820 2717 903 2778 dante
930 2718 1104 2793 congiarium

55 2805 128 2860 bute
149 2800 291 2859 hominem
312 2819 344 2860 se
366 2805 456 2878 magis
469 2804 596 2863 ,sentiret
617 2803 707 2862 luisse
731 2819 813 2880 quam
836 2804 937 2860 civem.
987 2795 1154 2859 Adran-26

97 2893 174 2944 tante
190 2885 326 2962 congiarii
347 2883 393 2944 die
411 2885 566 2946 observare
582 2887 718 2963 principis
734 2902 885 2962 egressum
904 2886 933 2943 iu
946 2883 1103 2963 publicum,

97 2967 222 3028 insidere
242 2969 303 3027 vias
324 2970 454 3029 examina
476 2969 620 3029 infantium
643 2968 813 3047 futurusque
836 2967 960 3047 pupulus
981 2967 1102 3028 solebat.

97 3052 190 3112 Labor
200 3052 366 3132 parentibus
382 3063 442 3114 crat
458 3061 601 3114 ostentare
616 3052 751 3133 parrulos
769 3054 967 3132 inpositosque
984 3053 1104 3113 ceruici·

97 3137 151 3197 bus
172 3135 312 3196 adulantia
326 3137 415 3198 verba
429 3136 604 3216 blandasque
619 3155 710 3199 voces
726 3137 867 3198 edocere:
888 3135 1046 3197 reddebant
1060 3135 1103 3196 illi

54 3231 88 3284 35
99 3240 171 3301 qnae
190 3221 384 3281 monebantur.
420 3221 465 3282 Ac
480 3221 611 3302 plerique
625 3223 714 3283 inritis
729 3222 864 3302 precibus
885 3221 984 3282 surdas
999 3222 1103 3300 priuci-

97 3307 142 3384 pis
157 3324 241 3367 aures
256 3305 476 3386 obstrepebant,
491 3309 637 3386 ignarique
653 3307 720 3386 quid
733 3315 900 3385 rogassent,
917 3305 983 3385 quid
994 3322 1051 3364 uon
1061 3305 1102 3363 in·

97 3400 277 3469 petrassent,
300 3389 392 3451 donec
407 3390 491 3471 plane
507 3393 628 3470 scireut,
652 3391 862 3452 differebantur.
898 3390 941 3449 l'n
954 3408 992 3449 ne
1006 3388 1102 3467 rogari

99 3472 213 3552 quidem
227 3476 398 3553 sustinuisti,
421 3484 451 3536 et
465 3494 630 3556 quamquam
644 3476 827 3537 laetissimum
841 3475 933 3536 oculis
951 3474 1006 3533 tuis
1023 3481 1103 3533 esset
