2400 3840
293 200 660 264 urrsrmnauuvuu.
681 213 708 267 s.
724 214 750 267 9.
766 215 918 268 lo.11.12.
1047 178 1128 270 179*

96 354 257 417 cunctatio!
276 373 359 435 quarn
375 356 436 434 pari
453 355 527 416 libra
542 358 665 434 gravitas
683 355 873 434 comitasque!
894 357 970 437 quod
986 356 1107 418 studium

95 437 269 501 litterarum!
292 437 368 518 quod
382 438 528 500 iudicium!
550 459 605 520 qua
620 441 728 518 pietate
744 458 808 500 cum
822 439 1009 502 dissimillimo
1025 451 1106 520 patre

95 522 226 587 vivebat!
241 541 330 603 quam
343 541 399 583 non
417 524 547 584 obstabat
563 523 605 585 illi
620 540 677 603 quo
693 525 784 585 minus
798 527 841 584 vir
856 528 979 605 optimus
994 526 1106 587 videre·

96 618 143 669 tur
210 607 247 668 od
267 617 328 668 erat
350 610 472 686 optimus
494 607 582 668 lilius!
608 606 667 668 Sed
690 608 756 686 quil
778 606 907 670 dolorem
927 619 1004 670 tuum
1027 610 1106 670 exul·

71 695 168 754 tuero
213 690 386 771 Quamquam
400 694 443 752 sic
463 694 561 753 amasti
582 694 714 752 iuvenem
735 700 766 753 ut
783 693 839 752 hoc
855 695 951 771 potius
969 711 1054 773 quam
1071 694 1134 758 dett

97 774 149 839 illo
167 774 248 837 sileri
261 775 349 845 velis:
375 795 392 837 a
413 793 459 836 me
478 778 664 856 praesertim,
686 777 766 835 cuius
788 776 1001 855 praedicatione
1022 786 1106 857 putas

97 860 260 923 vitameius
277 861 386 939 ornari,
415 862 578 921 memoriam
599 861 765 940 prorogari,
790 862 938 940 ipsamque
954 860 1030 921 illam
1051 879 1106 940 qua

98 954 144 1006 est
155 954 255 1024 raptus
267 953 390 1006 aetatem
401 962 491 1024 posse
504 946 625 1005 restitui.
658 943 741 1006 Vale.

584 1077 622 1138 Χ.

386 1177 412 1229 o.
433 1178 558 1230 ruinius
578 1177 693 1229 rnoruo
711 1176 771 1228 suo
791 1177 818 1230 s,

162 1276 256 1356 Cupio
278 1280 444 1361 praeceptis
464 1281 520 1340 tuis
541 1296 659 1358 parere;
680 1278 733 1340 sed
748 1296 880 1357 apromm
893 1289 969 1340 tanta
986 1281 1130 1358 penurias

97 1373 144 1427 est
161 1373 192 1424 ut
206 1361 351 1423 blinervae
370 1373 400 1423 et
413 1362 537 1439 Dianae,
563 1379 633 1440 quas
651 1364 693 1423 ais
707 1365 814 1442 pariter
830 1363 982 1440 colendas,
998 1381 1104 1423 conve-

97 1451 160 1509 nire
174 1465 231 1508 non
244 1449 348 1526 possit.
379 1445 479 1526 ltaque
497 1445 643 1506 Minervae
658 1455 765 1506 tantum
780 1446 959 1507 serviendum
977 1456 1038 1524 est,
1054 1444 1130 1512 tle-n

57 1545 88 1600 15
97 1532 185 1594 licate
200 1540 311 1609 tumen,
332 1539 362 1590 ut
379 1531 408 1590 in
422 1548 543 1592 secessu
558 1539 588 1590 et
601 1538 719 1591 aestate.
747 1530 780 1590 ln
795 1531 841 1591 ria
857 1530 942 1610 plane
958 1528 1105 1590 nonnulla

97 1617 207 1678 leviora
223 1616 373 1694 statimque
390 1613 510 1676 delenda
524 1632 559 1674 ea
580 1612 746 1692 garrulitate
767 1632 821 1695 qua
842 1631 990 1676 sermones
1010 1615 1038 1674 in
1054 1632 1104 1675 ve·

96 1699 194 1761 biculo
222 1709 355 1760 seruntur
376 1698 499 1760 extendi.
538 1697 589 1759 His
617 1697 753 1777 quaedam
775 1698 866 1760 addidi
886 1697 1018 1777 invilla,
1041 1715 1106 1759 cum

10 1860 12 1871 Ι
97 1784 173 1846 aliud
186 1801 245 1844 non
259 1783 371 1844 liberet.
395 1781 494 1862 ltaque
509 1789 642 1862 poemata
658 1783 818 1861 quiescunt,
835 1802 907 1862 quae
923 1792 953 1844 tu
968 1786 1041 1845 inter
1054 1802 1104 1844 ne·

10 1882 16 1927 t
97 1887 178 1931 mora
196 1877 225 1929 et
238 1867 321 1929 lucos
336 1867 564 1929 commodissime
576 1867 677 1945 perfici
687 1877 778 1946 putas.
800 1867 1010 1929 Oratiunculam
1022 1878 1130 1931 unam3

10 1984 13 2033 p
56 1952 215 2025 psalterum
229 1953 393 2023 retractavi;
420 1969 587 2032 quamquam
600 1948 629 2009 id
642 1969 734 2028 genus
753 1954 849 2031 operis
863 1951 1028 2029 inamabile,
1047 1952 1105 2010 ina·

98 2055 232 2099 moenum
251 2038 399 2115 magisque
422 2036 567 2097 laboribus
586 2035 659 2094 ruris
683 2053 766 2113 quarn
785 2035 979 2113 voluptatibus
1000 2033 1103 2094 simile.

97 2121 179 2182 Vale.

57 1134 90 1186 lo

579 2251 632 2314 XI.

55 2384 89 2439 25
206 2328 208 2332 ’
232 2326 234 2331 ’
388 2352 414 2404 c.
431 2351 557 2404 unimus
575 2351 696 2403 csmruo
713 2350 774 2402 suo
792 2347 819 2404 e.

159 2445 319 2531 Epistulam
339 2462 416 2513 tuam
437 2453 664 2515 iucundissimam
685 2452 804 2531 accepi,
824 2469 860 2512 eo
874 2452 1011 2528 maxime,
1028 2450 1130 2529 quotll

97 2537 206 2616 aliquid
226 2537 261 2598 ad
278 2546 315 2598 te.
326 2537 413 2598 scribi
431 2536 551 2599 volebas
570 2536 648 2618 quod
666 2536 746 2598 libris
763 2537 851 2597 inseri
865 2545 977 2615 posset.
1008 2534 1105 2597 Obve-

96 2623 157 2683 niet
171 2623 299 2699 materia‚
314 2621 363 2682 vel
377 2621 450 2682 haec
462 2622 524 2702 ipsa
539 2639 621 2701 quam
632 2630 772 2683 monstras
783 2619 832 2679 vel
843 2622 938 2698 potior
948 2618 1011 2680 alia.
1025 2618 1105 2693 ,Sunt

97 2707 217 2766 enimin
231 2705 285 2766 bac
300 2704 471 2767 offendicula
485 2706 633 2767 nonnulla:
657 2704 812 2766 circumfer
826 2703 939 2780 oculos,
958 2712 988 2762 et
1003 2718 1105 2761 occur-

56 2799 171 2862 sorent.
196 2789 372 2869 Bibliopolas
387 2789 514 2868 Lugduni
526 2808 594 2851 esse
607 2806 665 2850 non
680 2789 823 2868 putabam
834 2804 870 2848 ac
880 2794 956 2846 tanto
969 2784 1131 2850 libentius-n

98 2892 136 2935 ex
150 2874 254 2936 litteris
269 2876 325 2935 tuis
340 2876 463 2951 cognovi
478 2873 616 2935 venditari
626 2871 742 2933 libellos
754 2888 847 2947 meos,
865 2870 967 2948 quibus
980 2886 1105 2948 peregre

97 2976 214 3021 manere
236 2960 352 3036 gratiam
374 2975 456 3037 quam
481 2960 510 3017 in
534 2958 605 3019 urbe
628 2955 800 3033 collegerint
822 2953 961 3014 delector.
994 2951 1104 3032 lnoipio

99 3045 175 3104 enim
189 3044 257 3104 satis
272 3040 431 3104 absolutum
447 3043 618 3119 existimare,
632 3041 668 3102 tle
680 3058 737 3121 quo
748 3049 824 3100 tanta
835 3036 998 3099 diversitate
1009 3039 1105 3116 regio·

98 3145 165 3187 num
180 3128 304 3190 discreta
317 3127 458 3188 bominum
473 3126 576 3187 iudicia
593 3127 781 3187 consentiunt.
811 3121 893 3184 Vale.

569 3260 633 3322 llll.

387 3359 414 3414 c.
435 3360 561 3413 surmus
577 3359 699 3412 rumoni
715 3357 775 3410 suo
797 3359 824 3411 S.

165 3461 329 3542 Castigabat
352 3461 463 3542 qnidam
485 3461 572 3524 filium
590 3480 693 3544 suum,
719 3461 802 3545 quob
815 3451 1168 3603 parboxpxpmqtuossxosx

57 3219 90 3274 tt
