2400 3840
372 190 810 257 PANEGYRIGUSos.to.71.
1038 193 1102 257 283

94 361 156 403 mae
176 343 284 403 reditus
300 345 418 422 egregia
434 345 635 406 constitutione
651 344 826 411 fundaverat.
854 341 916 407 Hoc
929 348 1039 408 senatui
1053 346 1101 408 ad·

94 427 246 505 legandum
261 429 374 504 putasti.
408 424 471 488 Gur
485 430 560 488 enim
574 438 604 489 te
620 430 768 508 principe,
792 431 840 509 qui
853 433 970 508 generis
985 433 1025 490 tui
1044 430 1101 492 ela·

94 515 206 573 ritatem
225 511 329 571 virtute
351 512 511 589 superasti,
539 512 664 572 deterior
686 522 766 574 esset
788 513 911 575 conditio
932 532 1030 576 eorum
1052 517 1100 594 qui

93 605 228 674 posteros
249 594 356 656 babere
374 594 486 657 nobiles
502 605 678 657 mererentur
695 614 776 675 quam
792 614 889 657 eorum
906 601 954 677 qui
967 608 1100 678 parentes

68 675 279 742 shahmssentt
309 678 333 738 0
349 689 379 740 te
399 678 512 756 dignum
528 682 576 759 qui
590 680 625 740 de
639 683 848 758 magistratibus
864 684 969 742 uostris
985 701 1101 761 semper

84 765 166 838 baec
182 763 311 840 nunties,
337 781 392 823 nec
413 765 514 842 poenis
529 762 665 824 malomm
678 764 731 826 sed
746 764 885 826 bonorum
900 768 1031 844 praemiis
1048 766 1100 826 bo-

93 865 147 908 nos
160 845 266 907 'iaciasl
288 848 423 908 Accensa
436 856 481 908 est
496 849 644 925 iuventus,
663 849 811 927 erexitque
825 851 934 910 animos
953 850 989 910 ad
1004 868 1099 910 aemu-

94 930 205 991 landum
219 930 295 1009 quod
310 930 416 991 laudari
430 931 561 1009 uidebat,
577 950 632 992 nec
644 931 696 992 luit
707 934 855 1011 quisquam
867 951 951 1011 quem
961 952 1018 995 non
1029 934 1101 994 baec
1151 958 1152 962 ¹

96 1016 231 1093 cogitatio
246 1015 453 1091 subirencum
469 1016 575 1093 sciret,
592 1015 727 1095 quidquid
741 1034 757 1076 a
772 1034 887 1096 quoque
901 1020 929 1078 in
945 1019 1100 1097 provinciis

52 1101 169 1164 lobene
191 1100 290 1176 lieret,
313 1101 404 1160 omnia
423 1109 460 1173 te
474 1102 562 1161 scire.
598 1099 675 1161 Utile
698 1111 760 1176 est,
783 1099 906 1179 Caesar,
930 1112 959 1164 et
978 1101 1101 1163 salutare

94 1183 272 1261 praesidibus
287 1185 494 1261 provinciarum
513 1181 707 1245 bacchabere
722 1184 867 1264 fiduciam,
891 1195 1017 1265 peretum
1033 1205 1100 1247 esse

93 1267 234 1327 sanctitati
246 1275 274 1324 et
286 1266 438 1326 industriae
451 1285 521 1327 suae
530 1269 678 1344 maximum
690 1270 861 1347 praemium,
880 1270 1012 1330 iudicium
1023 1271 1098 1349 prin·

94 1351 184 1428 cipis,
213 1348 376 1426 suffragium
396 1350 544 1429 principis.
576 1350 678 1412 Adbuc
699 1360 793 1412 autem
812 1352 967 1431 quamlibet
986 1356 1098 1414 sincera

93 1442 230 1511 rectaque
244 1434 372 1509 ingenia,
394 1434 449 1492 etsi
470 1450 527 1493 uon
547 1431 750 1513 detorquebat,
773 1435 926 1496 hebetabat
940 1445 1034 1497 tamen
1048 1439 1098 1496 mi·

54 1531 158 1584 tosera
181 1516 233 1576 sed
248 1534 317 1576 vera
337 1518 497 1594 reputatio,
525 1516 618 1577 ‘vides
641 1519 730 1577 enim:
758 1521 783 1579 si
805 1518 872 1597 quid
894 1518 969 1580 bene
984 1519 1095 1597 lecero,

93 1604 166 1680 sciet
181 1597 307 1661 Caesar?
329 1607 376 1659 aut
398 1602 422 1661 si
442 1601 556 1677 scierit,
578 1603 769 1662 testimonium
789 1601 924 1679 reddet'?
942 1602 983 1663 Ita
998 1603 1098 1664 eadem

93 1686 140 1746 illa
154 1703 206 1744 seu
221 1684 405 1762 neglegentia
419 1703 472 1744 seu
486 1683 644 1762 malignitas
657 1687 831 1765 principum,
854 1705 918 1747 curn
938 1687 1011 1748 male
1029 1705 1097 1747 con·

93 1768 176 1830 sultis
196 1770 396 1847 inpunitatem,
416 1777 497 1829 recte
513 1768 597 1832 luctis
611 1768 718 1829 nullum
731 1773 887 1848 praemium
901 1770 1097 1850 polliceretur,

93 1851 234 1924 necillos
252 1871 269 1912 a
290 1853 407 1912 crimine
436 1853 535 1913 ethos
556 1852 719 1914 deterrebat
739 1872 755 1914 a
775 1853 868 1935 laude.
900 1855 939 1916 At
954 1873 1046 1934 nuuc,
1073 1858 1097 1917 si

50 1938 168 2002 acuens
182 1936 283 2015 aliquis
299 1937 471 2016 prouinciam
491 1939 614 2012 rexerit,
635 1937 700 1997 huic
715 1940 842 2017 quaesita
857 1940 961 1999 virtute
976 1939 1098 2018 dignitas

93 2021 221 2080 offertur.
253 2019 336 2080 Patet
355 2022 429 2080 enim
447 2021 575 2080 omnibus
591 2021 708 2082 bonoris
730 2031 760 2082 et
780 2021 890 2099 gloriae
909 2039 1041 2100 campus:
1055 2041 1099 2088 ex

92 2105 148 2164 boc
164 2106 284 2182 quisque
300 2103 377 2182 quod
394 2105 471 2182 cupit
487 2113 582 2183 petat,
605 2114 634 2165 et
648 2105 802 2165 adsecutus
820 2105 874 2166 sibi
890 2105 1001 2167 debeat.
1030 2106 1098 2166 Pro·

92 2190 194 2248 vinciis
215 2205 333 2266 quoque
350 2189 378 2247 iu
395 2198 542 2264 posterum
557 2198 586 2248 et
600 2191 761 2249 iniuriarum
778 2198 883 2249 metum
899 2199 929 2249 et
944 2190 1097 2250 accusandi

92 2273 296 2333 necessitatem
310 2274 453 2332 remisisti.
481 2271 553 2332 Nam
573 2273 598 2333 si
616 2273 774 2351 proluerint
787 2273 890 2351 quibus
907 2275 1012 2350 gratias
1028 2285 1097 2350 ege·

49 2358 165 2434 teniat,
187 2355 223 2416 de
238 2355 317 2416 nullo
332 2358 413 2435 queri
428 2365 578 2434 cogentur.
612 2357 706 2417 Decet
721 2356 826 2435 alioqui
841 2355 911 2416 nihil
925 2359 1097 2436 magispro·

92 2441 178 2502 desse
197 2440 343 2501 candidato
357 2440 392 2500 ad
407 2449 563 2519 sequentes
578 2440 703 2502 bonores
718 2458 800 2518 quam
814 2450 958 2518 peractos.
983 2441 1096 2520 Optime

91 2528 270 2602 magistratus
286 2527 468 2603 magistratu,
482 2523 592 2585 bonore
606 2524 699 2585 bonor
712 2526 826 2604 petitur.
865 2524 940 2584 Volo
958 2544 1031 2604 ego,
1050 2527 1097 2604 qui

94 2611 268 2685 provinciam
281 2611 388 2670 rexerit
402 2626 459 2669 non
473 2617 579 2669 tantum
592 2608 742 2671 codicillos
757 2611 910 2670 amicorum
921 2617 976 2670 nee
992 2610 1098 2668 urbana

93 2693 286 2752 coniuratione
300 2692 456 2754 eblanditus
468 2710 573 2771 preces
586 2692 638 2753 sed
648 2693 767 2753 decreta
779 2691 963 2768 coloniarum,
980 2691 1098 2751 decreta

48 2777 237 2837 auctoratum
259 2775 384 2852 adleget.
413 2776 492 2835 Beue
510 2775 653 2854 suffragiis
669 2775 857 2836 consularium
870 2777 994 2834 virorum
1010 2775 1097 2833 urbes

92 2856 192 2938 populi
207 2867 309 2936 gentes
324 2860 494 2918 inseruntur.
520 2857 756 2918 Efficacissimum
771 2876 824 2937 pro
840 2858 987 2919 candidato
1003 2876 1095 2935 genus

92 2952 137 3003 est
154 2941 273 3020 rogandi
288 2944 392 3019 gratias
407 2959 504 3019 agere.
528 2940 586 3000 lem
601 2958 658 3020 quo
672 2942 795 3002 adsensu
807 2951 939 3018 senatus,
956 2959 1013 3021 quo
1025 2940 1146 3019 gau-71

91 3026 138 3086 dio
160 3036 313 3104 exceptum
328 3035 390 3104 est,
412 3042 476 3085 cum
492 3025 662 3103 candidatis,
684 3035 715 3085 ut
731 3043 873 3103 quemque
888 3028 1094 3102 nominaveras,

92 3108 193 3170 osculo
215 3127 400 3186 occurreres,
424 3108 550 3171 devexus
566 3109 679 3187 quidem
694 3111 722 3169 in
742 3107 855 3188 planum
874 3118 903 3170 et
924 3111 1004 3188 quasi
1024 3127 1096 3170 unus

48 3203 131 3258 btex
148 3192 369 3272 gratulantibus!
397 3191 438 3253 'le
460 3195 546 3254 mirer
566 3195 656 3270 magis
679 3211 713 3253 an
734 3193 884 3272 inprobem
903 3192 969 3253 illos
991 3194 1038 3272 qui
1054 3192 1096 3251 el·

91 3278 222 3338 lecerunt
237 3287 267 3344 ut
285 3277 360 3338 istud
381 3294 511 3353 magnum
527 3276 687 3353 rideretur,
716 3294 780 3336 cum
795 3275 874 3337 uelut
892 3277 975 3336 adfixi
992 3273 1095 3336 curuli·

91 3362 144 3422 bus
158 3363 218 3423 suis
235 3379 344 3421 manum
361 3369 482 3438 tantum,
509 3370 538 3422 et
552 3360 624 3421 hanc
639 3368 805 3420 cunctanter
818 3369 847 3420 et
868 3362 950 3438 pigre
970 3367 999 3419 et
1013 3360 1096 3436 inpu-

91 3447 214 3506 tantibus
230 3444 338 3506 similes
353 3441 540 3524 promerenti
560 3441 686 3522 Contigit
701 3459 773 3518 ergo
789 3442 881 3503 oculis
895 3444 1001 3504 nosms
1015 3443 1096 3504 inso-
