2400 3840
112 174 175 239 234
414 173 448 260 c.
471 172 569 235 rmru
589 171 637 233 nr
659 171 817 234 rnnmnr

112 346 227 391 suorum
240 327 306 387 mihi
324 325 453 404 reliqnit;
476 344 514 388 ex
530 326 631 405 quibus
643 342 716 404 rogo
731 325 821 388 tribm
835 326 946 387 iuterim
960 327 1005 388 ius
1024 327 1116 402 Quiri·

112 413 181 473 tinm
195 410 255 471 des.
286 409 397 469 Vereor
412 410 487 469 enim
505 427 543 469 ne
562 412 599 471 sit
614 409 783 470 Inmodicnm
800 427 853 489 pro
869 411 997 472 omnibns
1010 416 1117 491 pariter

24 506 32 512 ·
111 496 245 555 iuvocare
265 492 467 572 indulgendam
486 501 579 572 tuam,
608 511 663 573 qua
684 492 778 553 debeo
800 501 877 554 tanto
897 493 1053 557 modestius
1075 499 1115 557 nti

111 586 215 657 quamn
231 576 428 656 plenioreme
488 578 554 637 rior.
588 576 659 637 Sunt
680 585 774 637 autem
795 594 848 654 pro
909 577 974 640 ibus
996 588 1064 657 peto
1079 578 1112 639 C.

109 660 241 723 Valerius
262 661 418 738 Astraeus,
429 593 621 721 IleValerius
640 657 812 738 Dionysius,
828 595 1008 722 allaturus
1024 664 1140 741 Apono

524 792 583 853 cv.
601 790 701 870 {curn

445 893 609 945 TRAIANUS
625 891 730 942 PLINIO
748 890 775 942 S.

173 995 245 1057 Cum
263 996 465 1058 honestissime
479 998 514 1056 iis
532 996 580 1074 qni
599 994 673 1074 apud
691 994 775 1054 iidem
789 1002 864 1054 tunm
880 1011 898 1053 a
913 992 1029 1054 Valerio
1044 993 1113 1056 Pan·

109 1079 168 1140 lino
186 1079 311 1158 depositi
327 1088 392 1141 sunt
408 1078 568 1141 consultum
581 1078 655 1138 velis
674 1088 781 1138 mature
798 1094 851 1156 per
865 1093 929 1154 mc,
949 1077 985 1139 iis
1001 1079 1112 1139 interim
1121 1093 1154 1145 10

109 1163 210 1241 quibus
221 1180 296 1223 nunc
307 1164 405 1241 petisti
418 1161 533 1224 dedisse
543 1178 589 1222 me
600 1163 644 1222 ius
657 1161 805 1236 Quiritium
815 1160 918 1222 referri
929 1162 958 1220 in
970 1178 1112 1223 commen-

108 1247 195 1307 tarios
210 1264 291 1308 meos
306 1247 388 1326 iussi,
402 1244 477 1308 idem
491 1246 617 1307 iacturas
631 1248 661 1305 in
676 1247 782 1306 ceteris
800 1260 853 1323 pro
868 1243 972 1324 quibus
983 1248 1111 1324 petieris.

507 1377 582 1441 cvr.
602 1377 715 1458 [curu]

329 1479 356 1530 G.
371 1477 497 1530 PLINIUS
516 1477 660 1529 TRAIANO
678 1476 885 1529 IMPERATORI.
1120 1508 1152 1560 15

170 1581 316 1659 Rogatus,
336 1582 465 1660 domine,
487 1600 504 1643 n
523 1580 553 1641 l’.
570 1581 646 1641 Attio
660 1578 779 1660 Aquila,
802 1583 968 1645 centurione
985 1585 1110 1647 cohortis

105 1673 207 1723 sextae
222 1667 378 1742 equestris,
395 1676 425 1726 ut
439 1667 578 1726 mitterem
592 1664 643 1724 tibi
656 1661 784 1724 libellum
799 1682 852 1743 per
866 1685 952 1745 quem
962 1668 1109 1747 indulgen-

106 1748 174 1805 tiam
185 1764 238 1824 pro
254 1755 328 1808 statu
339 1747 414 1809 iiliae
430 1766 499 1809 suae
510 1747 652 1824 inploret,
675 1746 774 1808 durum
788 1751 884 1827 putari
899 1768 1025 1830 negare,
1048 1772 1109 1813 oum

105 1829 211 1888 scirem
232 1839 362 1908 quantam
380 1830 493 1893 soleres
510 1831 628 1892 militnm
650 1829 787 1910 precibus
806 1833 971 1912 patientiam
985 1834 1108 1897 humani·

107 1921 250 1992 tatemqne
264 1923 421 1994 praestare.
1116 1933 1151 1986 20

482 2030 567 2094 cun.
591 2029 716 2109 [curn]

441 2132 604 2184 TRAIANUS
618 2132 724 2184 PLINIO
741 2131 769 2185 S.

166 2229 305 2292 Libellum
314 2232 345 2292 P.
357 2234 427 2295 Attii
440 2233 572 2313 Aquilae,
585 2236 758 2297 centurionis
771 2239 897 2301 cobortis
909 2244 1009 2309 sextae
1021 2263 1108 2323 eque-

104 2315 183 2390 stris,
201 2333 285 2392 quem
299 2317 365 2376 mibi
379 2319 491 2396 misisti,
508 2319 582 2397 legi:
598 2321 679 2381 onius
694 2320 830 2398 precibus
846 2334 939 2386 motus
955 2325 1021 2386 dedi
1032 2328 1148 2391 filiaett

104 2396 166 2455 eins
182 2398 324 2458 civitatem
344 2398 506 2463 Romanam.
536 2402 676 2464 libellum
696 2407 831 2486 rescripti
852 2426 937 2487 quem
951 2409 992 2470 illi
1006 2412 1107 2474 redde·

103 2494 151 2536 res
167 2480 229 2536 misi
244 2479 303 2540 tibi.

473 2564 573 2627 cviii.
598 2567 735 2652 [ovilli]

326 2659 352 2709 Ο.
371 2660 494 2714 PLINIUS
511 2665 654 2718 TRAIANO
673 2670 882 2724 IMPERATORI.

56 2745 95 2807 ’1
166 2742 241 2816 Quid
259 2744 366 2806 babere
388 2747 456 2808 iuris
475 2747 548 2811 velis
570 2760 599 2811 et
618 2752 752 2829 Ritbynas
773 2764 802 2816 et
821 2754 953 2818 Ponticas
976 2761 1146 2820 ciuitatesbo

102 2826 131 2884 in
152 2828 299 2906 exigendis
322 2833 453 2908 pecuniis
479 2851 552 2911 qnae
572 2835 631 2896 illis
651 2836 700 2897 vel
726 2856 763 2898 ex
788 2838 978 2901 locationibus
1000 2843 1050 2903 rel
1069 2860 1106 2903 ex

102 2909 311 2973 venditionibus
331 2913 432 2976 aliIsre
450 2919 543 2978 causis
565 2917 722 2981 debeantur
741 2938 831 3001 rogo,
854 2922 983 3002 domine,
1001 2929 1105 2986 rescri-

101 2990 161 3051 bas.
190 2991 256 3070 Ego
270 2999 365 3057 inveni
379 3017 396 3060 a
410 2998 557 3079 plerisque
572 3003 791 3081 procomulibos
806 3022 976 3069 concessam
988 3010 1024 3071 iis
1039 3028 1105 3089 pro·

78 3077 248 3152 ntopraxian
265 3096 385 3160 eamque
399 3083 531 3162 prolege
545 3084 678 3146 valuisse.
711 3086 851 3149 Existimo
866 3100 963 3154 tamen
976 3101 1024 3153 tua
1038 3111 1104 3172 pro·

101 3156 225 3217 videntia
239 3165 467 3225 constituendum
481 3166 586 3246 aliquid
600 3177 630 3228 et
646 3170 845 3249 sanciendum,
868 3192 922 3253 per
938 3176 1015 3255 quod
1029 3177 1146 3242 utili-es

101 3241 203 3301 tatibus
225 3259 324 3302 eorum
345 3248 374 3306 in
396 3258 566 3328 perpetuum
589 3251 760 3314 consulatur.
793 3253 865 3316 Nam
887 3277 959 3337 quoe
982 3261 1103 3322 suntab

100 3322 157 3383 illis
172 3327 313 3404 instituta,
334 3329 390 3389 sint
405 3330 474 3392 licet
493 3335 638 3412 sapienter
653 3334 776 3416 indulta,
796 3338 894 3401 brevia
908 3350 1002 3404 tamen
1017 3352 1047 3404 et
1061 3345 1102 3404 iu·

100 3405 178 3466 firma
192 3420 267 3492 snut,
284 3412 338 3472 nisi
351 3409 408 3470 illis
424 3422 470 3476 tna
485 3417 624 3496 contingit
639 3421 802 3483 auctoritas.
