2400 3840
324 207 588 272 EPISTULARUM
610 210 633 271 l.
656 223 698 275 15.
714 220 757 276 16.
775 222 874 276 17.18.
1059 215 1099 277 15

90 360 172 435 Quae
188 361 252 421 sive
267 361 363 421 uxoris
378 373 460 439 sunt,
476 371 506 422 ut
520 364 660 438 adfirmat,
677 364 739 423 sive
753 365 859 443 ipsius,
877 375 908 425 ut
925 374 1023 443 negat,
1039 368 1099 445 pari

90 442 183 523 gloria
199 444 302 523 diguus
317 445 366 523 qui
379 455 427 506 aut
437 445 485 506 illa
498 455 649 525 componat
660 455 707 505 aut
719 464 846 526 uxorem,
864 467 946 526 quam
960 451 1099 528 virginem

89 529 223 607 accepit,
245 535 301 588 tam
319 527 432 589 doctam
445 530 618 609 politamque
634 528 798 591 reddiderit.
832 531 886 593 Est
901 551 972 611 ergo
987 540 1121 596 mecum‘l

90 631 142 692 per
160 611 237 672 diem
248 620 353 672 totum:
371 612 491 673 eundem
502 624 652 691 antequam
666 614 799 690 scribam,
816 617 937 676 eundem
952 635 1016 677 cum
1027 619 1098 677 scri·

70 698 152 775 tusi,
171 696 296 755 eundem
310 697 394 756 etiam
413 715 476 757 cum
490 699 633 774 remittor,
656 715 713 756 non
727 707 866 776 tamquam
883 699 1003 760 eundem
1018 700 1097 778 lego.

90 779 174 854 Quod
189 787 220 838 te
236 795 351 857 quoque
366 789 397 840 ut
411 779 499 841 iacias
514 789 544 840 et
558 780 657 842 hortor
671 790 700 841 et
713 799 827 841 moneo.
847 781 948 861 Neque
963 785 1036 843 enim
1047 783 1121 847 de·8

90 864 138 924 bet
153 862 293 942 operibus
308 864 370 923 eius
382 863 489 925 obesse
502 863 578 943 quod
589 867 668 925 vivit.
684 864 731 924 An
745 865 770 926 si
785 867 858 926 inter
870 884 922 926 eos
935 885 1007 944 quos
1019 886 1096 926 num·

91 964 173 1027 quam
194 945 315 1008 vidimus
335 946 497 1026 floruisset,
523 966 579 1008 non
595 948 688 1009 solum
702 948 791 1010 libros
815 950 876 1010 eius
892 967 991 1009 verum
1014 951 1097 1010 etiam

89 1032 228 1109 imagines
244 1031 455 1108 requireremus
463 1054 470 1101 ;
486 1031 614 1092 eiusdem
628 1051 703 1093 nunc
717 1031 810 1092 honor
821 1035 980 1111 praesentis
994 1042 1022 1094 et
1034 1051 1097 1111 gra·

57 1117 126 1178 lotia
138 1110 221 1194 quus'i
235 1116 366 1175 satietate
382 1113 562 1193 languescit?
576 1116 615 1176 At
626 1116 682 1176 hoe
693 1134 809 1195 pravum
819 1117 1027 1196 malignumque
1040 1125 1121 1195 est‚9

90 1216 145 1259 uon
165 1198 296 1259 admirari
311 1197 451 1260 hominem
468 1199 649 1260 admiratione
666 1200 876 1279 dignissimum,
907 1203 971 1280 quia
985 1202 1096 1278 videre,

89 1282 223 1361 adloqui,
247 1282 361 1359 audire,
385 1283 555 1363 complecti,
577 1302 632 1344 nec
647 1283 761 1344 laudare
775 1293 881 1344 tantum
899 1285 1097 1345 verumetiam

91 1383 182 1427 amare
199 1367 329 1443 contigit.
357 1365 439 1427 Vale.

70 1543 78 1555 .
579 1500 602 1558 V
618 1497 641 1558 l.

55 1541 83 1592 ¹⁰
285 1595 311 1649 c.
331 1595 456 1647 ruinius
475 1499 632 1648 condedo
648 1597 775 1648 urrunnu
796 1596 855 1648 suo
875 1596 901 1650 s,

121 1767 125 1771 .
151 1696 207 1758 Est
221 1696 314 1757 adhuc
329 1716 414 1758 curae
435 1697 593 1759 hominihus
615 1699 686 1761 fides
703 1709 732 1760 et
748 1700 883 1777 officium,
902 1708 966 1760 sunt
982 1700 1114 1779 quide-1

90 1781 253 1841 iunctorum
273 1799 387 1860 quoque
405 1783 512 1842 amicos
530 1792 623 1860 agant.
659 1783 776 1844 Titinius
796 1781 897 1862 Capito
918 1783 953 1843 ab
974 1785 1094 1863 impera-

90 1874 152 1926 tore
167 1874 266 1925 nostro
287 1867 447 1943 impetravit
466 1874 496 1925 ut
516 1866 570 1926 sibi
590 1866 692 1928 liceret
707 1877 826 1928 statuam
840 1866 871 1926 L.
889 1866 975 1927 Silani
988 1869 1017 1926 in
1032 1867 1096 1926 loro

52 1955 211 2028 doponere.
230 1947 382 2008 Pulchrum
396 1959 425 2010 et
439 1968 539 2027 magna
553 1949 637 2010 laude
652 1951 765 2028 dignum
781 1952 901 2011 amicitia
916 1952 1051 2029 principis
1067 1952 1118 2010 int

88 2033 147 2094 hoc
166 2034 219 2110 uti,
239 2041 428 2112 quantumque
443 2035 534 2110 gratia
547 2033 644 2094 valeas
658 2034 776 2095 aliorum
790 2034 944 2094 honoribus
960 2034 1095 2112 experiri.

89 2116 143 2178 ltst
158 2116 272 2177 omnino
284 2112 414 2195 Capitoni
428 2118 456 2176 in
472 2135 524 2177 usu
537 2115 630 2177 claros
646 2119 723 2179 viros
739 2117 848 2178 colere.
870 2115 971 2175 Mirum
984 2125 1028 2176 est
1040 2122 1119 2195 quat

88 2200 244 2279 religione,
264 2215 320 2279 quo
332 2199 426 2261 studio
438 2202 574 2279 imagines
586 2200 746 2278 Brutomm,
764 2198 937 2276 Cassiorum,
957 2197 1095 2259 Catonum

90 2285 177 2362 domi,
196 2285 245 2344 uhi
257 2292 365 2362 potest,
377 2283 489 2344 habeat.
510 2283 590 2344 Idem
604 2283 751 2346 clarissimi
765 2286 902 2363 cuiusque
914 2285 999 2344 vitam
1012 2301 1095 2361 egre·

53 2370 145 2447 ttgiis
161 2367 330 2429 carminibus
346 2376 474 2428 euomat.
493 2369 575 2429 Scias
589 2368 681 2447 ipsum
699 2369 825 2449 plurimis
841 2369 991 2429 virtutihus
1007 2367 1118 2428 abun-4

91 2452 157 2514 dare
174 2453 223 2532 qui
238 2450 346 2512 alienas
361 2453 403 2512 sic
416 2461 498 2512 amat.
534 2451 672 2514 Redditus
693 2463 738 2514 est
756 2452 787 2512 l..
805 2452 900 2513 Silano
916 2451 1028 2513 debitus
1044 2451 1094 2510 ho·

90 2554 159 2615 nor,
178 2537 260 2597 cuius
278 2533 467 2595 inmortalitati
484 2533 586 2613 eapite
603 2540 752 2617 prospexit
768 2539 873 2614 pariter
887 2545 916 2597 et
931 2554 1010 2595 suae.
1037 2533 1095 2595 Ne-

92 2639 148 2699 que
161 2621 237 2681 euim
250 2619 339 2696 magis
355 2618 490 2679 decorum
506 2631 536 2681 et
552 2621 664 2698 insigne
680 2631 725 2682 est
742 2631 860 2682 statuam
875 2622 903 2679 in
917 2619 981 2679 loro
997 2617 1095 2697 populi

91 2702 211 2766 Romani
226 2701 333 2763 habere
349 2721 431 2782 quam
446 2721 565 2782 ponere.
599 2703 681 2765 Vale.

52 2795 83 2850 ³⁰
542 2837 647 2899 xvrn.

244 2934 271 2990 C.
295 2934 420 2986 PLINIUS
438 2934 591 2987 SUETONIO
609 2934 816 2994 TRANQUILLO
836 2930 895 2982 SUO
916 2929 941 2980 S.

151 3037 262 3099 Scribis
283 3047 317 3098 te
334 3039 516 3117 perterritum
535 3038 644 3099 somnio
666 3036 760 3096 vereri
782 3054 818 3094 ne
844 3032 910 3112 quid
930 3031 1042 3093 aduersi
1067 3033 1117 3094 inl

89 3123 205 3184 actione
222 3122 353 3200 patiaris,
374 3139 460 3199 rogas
482 3131 513 3181 ut
531 3121 692 3182 dilationem
707 3128 800 3199 petam
822 3126 850 3178 et
866 3115 1003 3196 pauculos
1020 3115 1093 3193 dies,

51 3213 173 3270 atcerte
189 3205 370 3307 proximum,
388 3224 535 3267 excusem.
567 3205 693 3265 Difficile
708 3212 770 3280 est,
792 3201 844 3263 sed
864 3203 1011 3280 experiar:
1039 3195 1095 3258 καὶ

89 3283 155 3370 γάρ
168 3308 187 3350 c
214 3278 299 3369 douo
311 3285 347 3349 ἐκ
358 3283 442 3361 Διός
454 3285 554 3349 ἐστιν.
577 3288 677 3349 Refert
692 3297 783 3348 tamen
799 3295 933 3347 eventura
948 3282 1044 3345 soleas
1059 3292 1118 3342 ant

91 3372 234 3436 contraria
251 3374 401 3434 somniare.
435 3372 503 3432 lllihi
519 3373 660 3451 reputanti
676 3372 813 3432 somnium
827 3389 920 3431 meum
933 3367 1008 3428 istud
1019 3365 1096 3444 quod

88 3458 175 3520 times
192 3465 223 3517 tu
242 3459 388 3537 egregiam
408 3459 549 3518 actionem
563 3455 736 3536 portendere
750 3455 872 3516 videtur.
903 3452 1118 3533 Susceperam3
