2400 3840
122 225 186 292 2³⁰
425 222 456 289 G.
479 221 577 285 PLINI
596 221 646 283 ΕΤ
667 219 825 283 'IIiAlANl

123 381 180 440 tlae
195 386 261 438 tuae
277 374 391 454 legibus
412 375 471 436 suis
491 377 585 437 utitur.
615 372 647 434 ln
666 373 720 436 bac
744 375 838 437 datum
856 375 925 436 mibi
942 373 1072 435 libellum
1092 372 1126 435 ad

124 478 225 523 eranos
235 460 427 540 pertinentem
437 459 481 520 his
490 457 593 520 litteris
601 457 723 536 subiecI,
736 467 767 518 ut
775 468 817 537 tu,
829 458 953 535 domine,
966 456 1126 537 dispiceres

124 544 191 624 qnid
208 553 238 606 et
255 553 393 625 quatenus
409 551 457 626 out
472 541 689 622 permittendum
708 550 756 602 sut
776 542 984 620 prohibendum
1000 550 1125 620 putares.

490 673 593 737 nonu
611 672 752 754 [nonu]

461 773 626 825 TRAIANUS
641 772 746 826 PLINIO
763 774 791 828 S.

186 878 350 955 Amisenos,
365 893 484 955 quorum
496 873 625 937 libellum
639 874 779 955 epistulae
793 884 860 936 tuae
877 875 1029 953 iunxerus,
1045 874 1070 934 si
1084 872 1126 933 le-

126 961 211 1041 gibus
226 963 360 1037 istorum,
383 959 485 1038 quibus
506 958 543 1020 de
558 959 655 1019 ollicio
670 958 796 1021 foederis
813 967 939 1035 utuntur,
956 975 1128 1019 concessum

126 1054 172 1107 est
193 1062 307 1106 eranum
320 1042 446 1120 habere,
467 1059 621 1119 possumus
640 1058 698 1122 <1¹¹0
718 1043 809 1103 minus
829 1042 951 1104 habeant
969 1058 1026 1102 non
1046 1042 1128 1120 iupe-

126 1125 197 1203 dire,
214 1143 249 1187 eo
265 1125 387 1203 facilius,
403 1127 427 1185 si
442 1123 490 1185 teli
506 1125 667 1186 conlatione
680 1143 737 1187 non
750 1124 786 1186 od
798 1125 894 1188 turbae
910 1134 939 1186 et
952 1124 988 1185 ad
1002 1123 1127 1186 inlicitos
1136 1138 1168 1190 10

126 1217 227 1270 coetus
241 1208 293 1270 sed
305 1207 341 1269 ad
355 1208 546 1269 sustinendam
560 1211 719 1270 tenuiorum
732 1210 856 1288 inopiam
876 1217 999 1270 utuntur.
1031 1205 1065 1266 In
1079 1227 1128 1269 ce·

125 1293 195 1353 teris
210 1291 389 1371 civitatibus,
411 1310 484 1371 quae
498 1300 597 1354 nostro
616 1295 678 1354 iure
693 1292 849 1354 obstrictae
864 1301 944 1371 sunt,
965 1309 1014 1353 res
1029 1290 1127 1352 huius·

123 1375 198 1438 modi
212 1374 387 1457 probibendo
401 1384 455 1437 est.

499 1505 618 1570 xomr.
639 1507 749 1590 [uon]

346 1608 374 1662 G.
392 1607 516 1660 PLINIUS
534 1609 679 1660 TRAIANO
694 1609 901 1660 IblPllliA'l’ORI.

99 1723 115 1775 1
188 1709 353 1768 Suetonium
367 1707 575 1788 Tranqurllum,
596 1708 796 1789 probissimum
815 1710 1048 1772 honestissimum
1063 1727 1127 1769 eru-

125 1791 290 1852 ditissimum
303 1794 409 1871 virum,
426 1803 456 1854 et
467 1809 563 1854 mores
577 1794 639 1854 eius
653 1804 770 1857 secutus
786 1803 816 1854 et
829 1794 921 1856 studia
935 1796 990 1854 iam
1004 1793 1125 1872 pridem,

125 1874 254 1952 domine,
280 1875 311 1936 in
332 1876 547 1939 contubernium
567 1876 712 1957 adsumpsi
733 1887 869 1957 totoque
891 1877 981 1954 magis
1003 1876 1126 1954 diligere

97 1959 222 2037 occepi,
238 1969 341 2038 quanto
357 1959 434 2021 hune
447 1962 567 2039 propius
582 1961 704 2041 inspexi.
727 1960 800 2023 lluic
813 1963 858 2023 ius
872 1962 955 2022 trium
969 1960 1166 2021 liberorumne

122 2043 317 2104 necessarium
330 2043 436 2105 fuciunt
447 2044 518 2106 duae
533 2063 653 2105 causae:
668 2063 732 2106 unm
743 2055 773 2106 et
782 2044 1048 2107 iudiciuamicorum
1060 2060 1126 2122 pro·

123 2136 248 2188 meretur
262 2137 292 2189 et
304 2144 401 2205 perum
415 2127 486 2188 felix
498 2128 702 2189 matrimonium
712 2138 849 2208 expertus
860 2137 906 2190 est
915 2128 1125 2207 Inpetrandum·

125 2230 180 2290 que
194 2230 211 2273 a
232 2211 357 2272 bonitate
372 2220 419 2272 tua
439 2228 493 2289 per
505 2229 559 2273 nos
572 2211 659 2273 habet
673 2211 750 2290 quod
763 2211 806 2272 illi
820 2211 949 2275 fortunae
963 2210 1125 2289 malignitas

98 2294 285 2374 tidenegarit.
307 2294 386 2373 Scio,
402 2293 523 2372 domiue,
540 2303 672 2375 qnantum
687 2295 856 2357 beneficium
867 2293 1045 2374 petcm,·sed
1056 2303 1125 2373 peto

123 2387 199 2456 ste,
222 2380 303 2439 ouius
317 2379 345 2438 in
361 2378 490 2440 omnibus
510 2379 659 2442 desideriis
678 2380 749 2440 meis
764 2378 964 2458 indulgentiam
979 2381 1123 2457 experior,
1134 2381 1165 2433 no

1134 721 1151 773 b

1136 1551 1166 1604 15

122 2459 209 2520 Potes
224 2464 299 2520 enirn
313 2459 463 2540 colligere,
480 2472 582 2541 quanto
598 2480 688 2542 opere
703 2465 826 2542 cupiam,
842 2461 918 2543 quod
927 2480 985 2523 non
993 2480 1126 2541 rogarem

122 2543 239 2622 absens,
254 2546 278 2604 si
292 2544 476 2606 mediocriter
491 2563 635 2625 cuperem.

503 2675 590 2739 xcv.
611 2675 736 2758 [xcvi]

455 2777 619 2829 TRAIANUS
638 2779 743 2830 PLINIO
761 2776 787 2828 S.
1133 2808 1166 2863 30

184 2879 275 2954 Quam
298 2896 385 2958 perce
404 2877 478 2941 haec
497 2879 637 2942 benelicia
657 2881 777 2943 tribuam
792 2881 908 2960 utique,
931 2879 970 2938 mi
989 2878 1125 2941 Secunde

123 2963 285 3040 carissime,
306 2963 405 3024 haeret
425 2963 494 3043 tubi,
519 2982 583 3026 cum
597 2966 682 3026 etiam
696 2964 724 3026 in
739 2972 839 3026 senatu
854 2962 1000 3025 adfirmare
1015 2961 1126 3025 soleam

121 3062 178 3104 non
195 3047 360 3109 excessisse
374 3064 420 3106 me
431 3064 575 3109 numerum
592 3066 677 3129 quem
690 3047 765 3128 apud
780 3046 982 3128 amplissImum
998 3046 1126 3108 ordinem

121 3128 306 3190 suffecturum
326 3129 392 3190 milri
415 3131 566 3208 professus
585 3151 662 3193 sum:
692 3142 742 3193 tuo
767 3142 862 3193 temen
887 3129 1032 3193 desiderio
1058 3131 1125 3193 sub·

60 3229 72 3251 ·
120 3214 224 3291 scripsi
244 3221 274 3274 et
288 3213 402 3276 dedisse
416 3232 462 3275 me
482 3215 529 3277 ius‘
540 3217 623 3278 trium
637 3215 791 3277 liberorum
804 3215 944 3277 Suetonio
957 3213 1124 3294 Tranquillo
1133 3225 1163 3281 st

120 3316 155 3359 ea
170 3297 331 3359 conditione
346 3314 400 3377 qua
413 3298 531 3362 adsuevi
545 3299 646 3361 referri
663 3300 692 3359 in
714 3301 932 3362 commentorIos
946 3315 1029 3360 meos
1042 3301 1125 3362 iussi.
