2400 3840
94 201 146 242 vrrr
510 189 744 245 PRAEFATIO.

95 346 243 418 deturiptum
253 361 306 403 esse
312 346 425 402 dicerem.
445 361 511 401 nunc
520 361 584 410 veru,
592 345 700 402 lledicec
712 352 737 401 et
747 346 861 401 Vaticano
868 346 995 402 codicibus
1005 354 1058 404 tam
1066 348 1109 404 mu

94 446 166 505 quam
177 446 234 487 eum
243 430 372 503 Pragmsls
381 430 436 486 libri
445 429 569 500 seripturis
580 430 681 495 collatis,
693 444 724 485 ex
736 431 788 500 ipsu
795 429 910 494 llediceo
922 438 981 485 ante
992 446 1066 504 quarn
1078 433 1101 487 in

93 517 151 572 bam
163 515 344 579 transferretur,
356 528 370 569 a
381 513 522 570 (1111111115
533 514 629 569 librario
641 513 788 585 pragensem
798 514 945 585 descriptum
957 529 1014 570 esse
1026 515 1109 572 mutto

94 600 244 672 ugvrmentis
254 597 406 670 deprehendi.
426 613 473 670 quu
484 599 585 670 negotiu
598 612 648 653 nun
657 599 737 653 sulum
748 613 804 652 cum
815 612 909 652 summa
920 598 1109 671 neglegentiali

94 685 144 740 rius
154 683 252 739 iunctus
262 689 312 747 cst,
333 682 376 738 sud
394 683 466 738 etiam
476 682 601 752 complura
611 696 668 736 cum
677 683 730 752 ipse
739 682 835 736 novant
845 689 897 736 tum
908 695 923 735 e
936 689 1037 738 centnm
1048 683 1109 739 libror

95 766 192 835 codice,
213 783 261 840 quo
271 774 393 839 praeterea
402 782 461 822 usus
473 773 516 831 est,
528 766 617 821 intulit.
639 766 719 838 itaque
731 765 788 821 hnic
798 765 895 838 quidem
906 766 985 821 codici
996 767 1109 824 nulumi

94 851 169 908 libros
179 866 252 907 manu
267 852 370 923 scriptus
383 852 551 906 auctoritatem
560 849 711 906 tribuendam
722 864 775 904 usse
789 850 851 905 diuo.
883 850 926 905 sed
943 857 1021 905 restat
1040 857 1109 922 praet

94 935 155 991 11111
170 936 260 1000 codex,
277 936 308 992 de
324 950 372 1008 qnu
383 934 502 990 difficilius
516 941 553 988 est
568 933 697 998 iudicium,
715 948 770 988 eum
782 934 836 989 dicu
847 948 919 1006 equo
930 948 994 989 annu
1008 934 1109 994 150811

94 1026 206 1075 octavum
216 1019 305 1074 bbmm
314 1019 406 1090 primus
416 1025 441 1074 et
450 1018 572 1090 integrum
583 1016 657 1073 edidit
667 1026 691 1072 et
708 1034 752 1072 suo
771 1019 825 1073 luco
845 1018 957 1073 restituit.
985 1019 1018 1073 de
1036 1035 1066 1075 eu
1085 1019 1109 1090 ig

94 1103 168 1159 Aldus
178 1103 309 1173 inepistula
320 1102 350 1158 ad
360 1103 475 1159 llluisium
492 1101 641 1157 lluceuicnm
646 1101 763 1157 Venmum
774 1102 828 1156 data
838 1102 898 1157 baeu
910 1102 984 1157 habet
1003 1101 1063 1159 ‘Sed
1074 1117 1109 1158 exv

95 1194 123 1242 tn
135 1202 149 1241 e
161 1185 237 1242 Gallia
250 1211 289 1222 -
298 1185 342 1263 lum
352 1185 422 1241 Plinii
433 1185 546 1256 epistolas
556 1185 581 1240 in
592 1185 684 1241 ltaliam
694 1186 835 1256 reportasti.
859 1186 885 1240 in
896 1186 1037 1241 membrana
1050 1186 1109 1256 scrip

94 1276 166 1342 atque
176 1271 236 1326 adeu
247 1270 345 1326 diversis
357 1270 468 1326 anostris
476 1269 659 1334 characteribus,
669 1276 698 1325 ut
707 1270 753 1324 nisi
765 1271 818 1341 quis
828 1270 869 1325 diu
880 1272 1020 1334 assueverit,
1033 1286 1109 1342 nunqu

94 1355 184 1427 legere,
199 1355 267 1425 coepi
280 1368 376 1427 sperare
389 1356 476 1410 mirum
484 1354 511 1410 ln
521 1354 634 1417 mudum,
649 1354 701 1409 lure
712 1360 789 1408 aetate
799 1361 889 1419 nostra,
899 1360 927 1409 ut
936 1355 1036 1424 plurimi
1046 1369 1077 1408 ex
1087 1354 1109 1409 bv

94 1439 224 1504 autoribus,
235 1455 296 1510 quus
306 1454 355 1495 nun
367 1445 448 1495 extare
458 1439 585 1502 credimus,
596 1438 752 1493 inveniantur.
775 1436 817 1492 Est
828 1439 1013 1493 enimvulumen
1026 1440 1109 1509 ipsum}

93 1523 171 1578 sulum
182 1523 397 1587 correctissimum,
419 1523 544 1578 sedetiam
552 1523 585 1578 ita
596 1523 732 1593 antiquum,
757 1528 785 1578 ut
796 1528 878 1591 putem
889 1522 1007 1592 scriptum
1018 1522 1109 1577 Pliniitv

92 1605 198 1676 poribus.
213 1635 252 1645 -
263 1606 333 1662 Nunc
346 1613 434 1674 numm,
445 1607 510 1678 quud
524 1621 658 1677 possumus,
668 1605 741 1662 basce
753 1604 857 1660 Secundi
868 1606 981 1676 epistolas
991 1607 1109 1678 damusqu

94 1689 288 1754 correctissimas,
299 1689 323 1744 in
338 1690 424 1761 quibus
437 1690 510 1744 etiam
520 1689 611 1746 multae
623 1696 687 1754 sunt,
699 1704 760 1762 qnae
765 1690 867 1745 antehac
874 1706 923 1745 nun
929 1689 1087 1746 habebantur.
1105 1688 1109 1741 l

93 1772 137 1828 tibi
150 1771 269 1843 inprimis
282 1771 391 1829 habenda
405 1780 442 1829 est
458 1773 559 1845 plurima
570 1774 647 1845 gratia
660 1774 750 1846 inclyte
760 1774 848 1838 bloisi,
870 1774 910 1845 qni
933 1775 1060 1844 exemplar
1078 1774 1109 1844 ips

94 1856 247 1926 epistularum
263 1857 542 1928 reportastiinltalium,
566 1857 671 1928 mihique
695 1858 793 1922 dedisti,
814 1865 843 1913 ut
863 1872 980 1912 excusum
1001 1858 1109 1928 publicar

53 1936 58 1946 '
94 1938 186 1995 Deinde
195 1939 304 1996 iucundo
315 1941 446 1997 Veronensi
455 1941 511 1996 Vbu
521 1941 638 2013 singulari
657 1941 770 2013 ingenio,
791 1957 820 1997 ac
832 1942 950 1999 bonarum
959 1943 1109 1998 litterarums

94 2022 243 2089 diusissimu,
265 2025 329 2098 quud
350 2031 375 2080 et
391 2026 488 2081 easdem
505 2024 610 2080 Secrmdi
631 2025 744 2095 epistolas
760 2025 790 2080 ab
802 2040 831 2080 eo
846 2027 898 2096 ipsu
908 2026 1042 2096 exemplari
1052 2041 1066 2080 a
1077 2039 1103 2080 uu

91 2107 228 2180 scriptasin
239 2108 315 2165 Gallia
325 2109 454 2182 diligenter
462 2117 490 2165 ut
501 2109 558 2165 lacit
568 2109 662 2174 omnia,
684 2115 709 2165 ut
730 2124 775 2164 sex
799 2110 844 2164 alia
861 2110 982 2164 volumina
1001 2109 1109 2180 epistulu

92 2192 178 2262 partim
188 2208 262 2248 mann
272 2194 372 2264 scripta,
389 2195 476 2263 partim
486 2194 600 2263 impressa
611 2193 721 2264 quidem,
738 2193 782 2248 sed
793 2208 850 2248 cum
861 2193 964 2264 antiquis
975 2194 1065 2250 collata
1074 2205 1109 2250 eat

90 2274 209 2344 pluribus,
220 2276 251 2332 ad
260 2290 301 2331 me
312 2276 365 2346 ipsu
374 2291 418 2331 sna
428 2284 527 2346 opunte
545 2291 606 2347 quae
617 2277 691 2348 ipsius
701 2283 739 2332 est
748 2291 806 2349 erga
816 2277 938 2333 studiosus
948 2279 1045 2333 omneis
1054 2278 1109 2333 bene

91 2358 177 2424 lentia,
188 2360 356 2430 adponerent,
367 2359 439 2430 idque
448 2359 544 2416 biennio
555 2366 617 2426 ante,
628 2376 699 2432 qnam
710 2369 737 2416 tu
745 2362 825 2432 ipsum
835 2362 894 2416 mihi
904 2363 1029 2431 exemplar
1034 2362 1109 2433 public

92 2443 149 2498 dnm
165 2443 311 2499 tradidisses.
344 2441 439 2498 diruunt
458 2445 534 2517 igitur
550 2443 675 2500 bauPlinii
691 2445 805 2515 epistulae
821 2446 846 2500 in
862 2461 947 2500 manvu
963 2445 1109 2502 literatorum

92 2533 134 2581 tna
143 2533 169 2582 et
179 2526 279 2582 lucendi
289 2527 364 2582 nostri
374 2527 399 2582 in
410 2527 464 2583 illus
473 2528 646 2594 benevolentia,
659 2529 872 2584 emendatissimos
881 2557 925 2568 —
946 2527 1007 2584 Esse
1018 2528 1109 2585 nummi

91 2610 124 2666 nii
135 2610 434 2682 epistolasadlraianum,
445 2612 527 2668 multis
536 2612 667 2668 rubonibus
677 2613 772 2684 prebui
783 2620 876 2684 potest,
893 2612 936 2668 sed
946 2612 985 2668 hb
996 2613 1109 2683 potissim

91 2694 210 2761 Primum,
223 2694 279 2768 quia
289 2694 313 2750 iu
324 2695 487 2767 antiquissimu
500 2697 630 2768 exemplari
643 2712 691 2752 nna
702 2712 759 2752 curn
773 2698 825 2752 aliis
838 2704 866 2751 ut
876 2712 921 2751 nus
931 2697 1101 2766 imprimendas

90 2779 206 2844 ravimus,
216 2779 262 2835 sub
273 2779 342 2835 Plinii
354 2778 460 2835 Secundi
470 2781 567 2837 numine
577 2782 680 2851 scriptae
689 2786 762 2836 sunt'.
782 2781 916 2836 accuratius
930 2787 1012 2835 autem
1022 2782 1065 2836 ubi
1074 2782 1109 2835 inv

90 2867 131 2916 tus
140 2861 213 2917 luerit
223 2865 300 2918 codex
311 2864 383 2920 ducet
394 2863 535 2920 Guilielmus
545 2864 656 2920 Bndaeus
665 2864 730 2920 lutus
740 2865 765 2919 in
775 2864 976 2921 Adnotatiunibus
988 2864 1013 2918 in
1024 2864 1109 2919 Pande

89 2949 234 3004 anuclius
247 2947 351 3017 primum
360 2948 430 3006 editis
441 2949 510 3018 (utor
520 2948 625 3004 editione
633 2948 789 3020 lugdunensi
799 2964 861 3003 annu
873 2950 941 3005 1513
952 2948 1046 3016 facta),
1067 2948 1109 3017 inq

89 3029 135 3086 bus
145 3043 201 3084 enm
212 3031 335 3100 complura
345 3047 377 3086 ex
387 3033 471 3089 eudem
483 3032 567 3087 codice
577 3032 695 3098 delibavit,
707 3038 760 3087 tum
770 3048 795 3103 p.
803 3035 861 3096 149,
872 3039 1001 3104 postquam
1011 3032 1043 3087 de
1054 3031 1109 3101 epist

89 3113 183 3170 demum
191 3113 247 3170 libri
257 3117 334 3170 octavi
344 3116 460 3192 quaedam
470 3116 587 3186 ascripsit,
600 3115 706 3172 ‘venum'
717 3117 794 3187 inquit
802 3117 811 3148 ³
819 3116 880 3173 haec
891 3117 992 3188 epistola
1001 3122 1027 3170 ct
1036 3116 1109 3171 aliaeu

88 3212 180 3268 paucae
190 3198 216 3254 in
227 3197 352 3254 codicibus
360 3198 482 3269 impressis
492 3215 543 3255 nun
552 3200 678 3272 leguntur:
689 3216 735 3256 nus
745 3202 867 3274 integrum
879 3203 955 3258 ferme
964 3198 1071 3255 Plinium
1081 3198 1109 3254 ba

89 3295 145 3336 mus
154 3281 258 3351 primum
269 3281 332 3353 apud
342 3281 444 3338 Parisios
451 3290 574 3354 repertum
584 3298 656 3354 opera
666 3285 767 3341 lucnndi
777 3286 920 3350 sacerdotis,
931 3284 1038 3340 huminis
1047 3283 1109 3353 antiq

88 3364 124 3431 rii,
140 3365 311 3439 architectique
320 3363 428 3422 nubilis’.
443 3367 517 3439 digna
525 3375 647 3439 praeterea
658 3385 719 3440 quae
728 3368 861 3440 legatiude
870 3383 900 3424 eu
910 3368 994 3424 codice
1006 3373 1044 3423 est
1054 3367 1109 3438 epist

74 3445 401 3521 Ι(111111111181111111
411 3449 465 3506 data
482 3452 507 3506 in
523 3452 628 3507 editione
645 3454 700 3507 anni
721 3456 796 3511 1518.
817 3467 873 3508 nam
892 3452 957 3525 quud
973 3450 1107 3522 descriptus
