2400 3840
365 198 627 260 EPISTULARUM
640 199 702 262 Vll.
727 211 768 265 18.
785 211 828 265 19.
1034 202 1094 268 143

88 352 209 427 intuear,
226 352 328 429 quibus
346 352 469 430 credam,
487 371 560 430 quos
573 352 695 432 denique
711 363 739 414 et
754 363 891 434 tamquam
903 354 1032 432 singulos
1044 355 1094 416 olt-

90 453 204 499 seruem
226 444 256 495 et
274 443 413 515 tamquam
432 453 488 495 nou
510 436 638 514 singulos
662 439 782 497 timeam.
814 436 884 497 Nam
894 439 976 517 quod
991 437 1030 497 ll.
1047 438 1136 506 Ci-13

91 535 159 581 cero
178 519 215 581 de
229 518 307 596 stilo,
325 537 381 596 ego
394 519 429 579 de
443 529 520 579 metu
532 522 634 581 sentio.
658 520 752 580 Timor
765 529 809 581 est
820 521 985 583 emendator
996 540 1093 600 asper·

89 606 185 664 rimus.
209 601 272 663 Hoc
287 605 397 681 ipsum,
414 603 490 683 quod
504 622 557 664 nos
573 606 744 665 recitaturos
762 606 930 682 cogitamus,
948 606 1092 667 emendat:

64 686 166 767 5quod
181 687 349 747 auditorium
363 687 551 766 ingredimur,
568 687 713 749 emendat:
735 688 811 766 quod
826 688 980 767 pallemus,
995 690 1093 751 horre·

88 775 213 848 scimus,
233 771 497 850 circumspicimus,
516 771 654 832 emendat.
689 770 809 832 Proinde
829 789 886 832 nou
908 775 1032 851 paenitet
1046 791 1091 833 me
1102 785 1135 838 14

89 853 305 916 consuetudinis
320 872 417 931 meae,
436 872 518 934 quam
535 855 710 916 utilissimam
724 857 874 934 experior,
891 856 1021 936 adeoque
1036 874 1092 917 nou

89 939 241 1001 deterreor
260 937 447 1000 sermunculis
467 941 602 1015 istorum,
627 949 657 999 ut
678 939 754 1000 ultro
774 949 803 999 te
824 958 925 1018 rogem
949 951 1091 1002 monstres

88 1022 197 1102 aliquid
212 1020 289 1101 quod
304 1020 348 1082 his
364 1021 471 1082 addam.
491 1021 568 1081 Nihil
584 1024 657 1082 enim
676 1042 760 1084 curae
776 1041 857 1085 meae
876 1026 944 1085 satis
958 1034 1012 1086 est.
1036 1021 1134 1088 (lo-15

51 1109 151 1184 logito
175 1123 257 1185 quam
277 1106 313 1166 sit
333 1123 465 1182 magnum
483 1105 550 1166 dare
571 1105 677 1184 aliquid
698 1110 726 1166 in
742 1123 839 1168 manus
856 1107 1016 1186 hominum,
1037 1125 1092 1167 nec

88 1189 265 1269 persuadere
286 1190 351 1248 mihi
372 1207 490 1268 possum
512 1207 568 1248 uon
586 1199 694 1250 etcum
709 1190 803 1252 multis
819 1201 848 1252 et
868 1210 955 1270 saepe
972 1200 1093 1253 tractan-

89 1273 154 1333 dum
170 1272 246 1353 quod
262 1271 378 1350 placere
395 1283 424 1333 et
440 1290 554 1352 semper
569 1283 599 1333 et
615 1275 743 1335 omnibus
757 1277 865 1352 cupias.
894 1275 975 1335 Vale.

538 1404 643 1466 XVIII.

365 1503 392 1558 o.
411 1501 535 1554 numius
555 1503 683 1552 cnumro
704 1501 762 1553 suo
782 1502 808 1552 s

156 1604 309 1668 Deliberas
326 1624 438 1667 mecum
460 1603 692 1684 quemadmodum
713 1605 834 1682 pecunia
849 1621 930 1683 quam
946 1606 1117 1683 municipi-1

90 1690 144 1751 bus
160 1691 265 1751 nostris
279 1692 307 1750 in
322 1690 437 1768 epulum
453 1689 582 1767 optulisti
596 1696 663 1768 post
681 1697 710 1749 te
729 1706 843 1767 quoque
860 1687 937 1749 salua
954 1691 999 1749 sit.
1034 1688 1092 1749 Ho-

89 1781 172 1834 nesta
188 1773 374 1852 consultatio,
390 1792 445 1834 non
458 1773 592 1853 expedita
603 1774 751 1833 sententia.
784 1771 925 1834 Numeres
942 1774 984 1833 rei
1000 1771 1093 1851 publi·

91 1875 143 1918 cae
166 1855 321 1919 summam?
343 1857 499 1918 verendum
514 1866 559 1917 est
572 1875 609 1916 nc
625 1855 772 1916 dilabatur.
797 1856 857 1917 Des
873 1854 980 1934 agros?
996 1866 1026 1916 ut
1042 1875 1092 1935 pu·

48 1940 160 2004 tohlici
184 1941 384 2020 neglegentur.
422 1940 562 2020 Equidem
589 1939 657 1999 nihil
680 1940 854 2001 commodius
873 1941 988 2001 invenio
1011 1951 1118 2019 quaint

89 2023 167 2105 quod
181 2027 246 2103 ipse
259 2026 324 2084 ieci.
347 2023 418 2085 Nam
432 2042 484 2102 pro
497 2025 659 2102 quingentis
674 2023 786 2083 milibus
801 2041 961 2100 nummum,
978 2041 1049 2101 quae
1064 2026 1093 2082 in

89 2108 221 2170 alimenta
241 2111 428 2187 ingenuorum
446 2110 687 2185 ingenuarumque
708 2108 909 2186 promiseram,
938 2124 1036 2184 agrum
1057 2125 1094 2165 ex

88 2195 161 2254 meis
176 2191 263 2270 longe
279 2192 367 2271 pluris
383 2180 605 2269 actoripuhlico
625 2192 795 2269 mancipavi:
817 2189 938 2251 eundern
958 2189 1092 2267 vectigali

90 2279 217 2356 inposito
232 2279 349 2356 recepi,
366 2278 475 2337 tricena
490 2275 565 2334 milia
579 2292 668 2335 annua
683 2273 805 2334 daturus.
834 2272 889 2333 l’er
903 2273 960 2334 hoc
976 2276 1049 2334 enim
1064 2281 1118 2334 etd

45 2363 131 2428 u5rei
150 2360 284 2440 publicae
306 2363 415 2421 sorsin
435 2369 495 2420 tuto
517 2377 571 2419 nec
594 2358 702 2418 reditus
722 2361 865 2436 incertus,
886 2367 915 2418 et
935 2376 1006 2435 ager
1029 2361 1092 2436 ipsc

90 2454 211 2524 propter
227 2444 255 2504 id
278 2445 355 2523 quod
369 2443 494 2522 vectigal
514 2442 594 2520 large
616 2443 791 2521 supercurrit
813 2459 928 2520 semper
942 2442 1091 2518 dounnum,

89 2547 105 2589 a
128 2546 184 2607 quo
206 2538 391 2606 exerceatur,
413 2529 545 2588 inveniet.
583 2524 645 2587 Nec
670 2527 771 2605 ignoro
796 2544 841 2586 me
862 2525 928 2605 plus
951 2526 1119 2604 aliquantod

90 2630 173 2691 quam
195 2612 317 2673 donasse
338 2613 439 2672 videor
460 2611 642 2688 erogavisse,
665 2628 728 2670 cum
752 2609 936 2688 pulcherrimi
951 2612 1012 2688 agri
1027 2628 1092 2689 pre·

90 2699 159 2756 tium
175 2699 335 2757 necessitas
350 2695 502 2774 vectigalis
517 2694 674 2771 infregerit.
698 2694 757 2755 Sed
773 2703 887 2772 oportet
905 2694 1021 2771 privatis
1039 2694 1117 2754 uti-5

46 2779 215 2850 solitatibus
230 2780 372 2858 publicas,
391 2779 556 2841 mortalibus
573 2787 702 2838 aeternas
716 2778 875 2854 anteferre,
891 2776 1036 2854 multoque
1052 2775 1092 2833 di·

89 2863 225 2942 ligentius
240 2867 347 2925 muneri
359 2882 411 2926 suo
427 2861 581 2924 consulere
597 2879 679 2939 mum
693 2860 884 2922 facultatibus.
915 2858 995 2923 Vale}

534 2993 651 3055 xviiii.

379 3094 407 3150 o.
427 3093 552 3144 ruinius
571 3091 685 3144 onisco
704 3091 765 3142 suo
785 3089 811 3143 s,

48 3205 98 3261 35-
151 3195 240 3274 Angit
257 3214 302 3256 me
323 3195 445 3256 Fanniae
461 3195 603 3256 valetudo.
636 3192 783 3255 Contraxit
799 3190 888 3267 hanc,
904 3189 968 3249 dum
982 3190 1117 3254 adsidetl

90 3279 186 3340 luciae
200 3282 314 3359 virgini,
334 3291 437 3358 sponte
454 3283 572 3359 primum
588 3281 650 3359 (est
666 3279 739 3339 euim
754 3274 877 3354 adfinis),
894 3274 996 3335 deinde
1008 3275 1092 3334 etiam

92 3382 129 3423 ex
140 3366 309 3425 auctoritate
329 3365 503 3443 pontificum.
536 3364 607 3424 Nam
620 3364 764 3440 virgines,
793 3378 856 3419 cum
873 3362 900 3419 vi
915 3358 1006 3419 morli
1019 3359 1124 3417 atrior.

91 3446 198 3508 Vestae
225 3458 365 3526 coguntur
391 3448 551 3530 excedere,
574 3456 769 3511 matronarum
789 3463 880 3507 curae
900 3439 1121 3509 custodxaeupe

47 1542 79 1594 15
