2400 3848
368 212 630 285 EPISTULARUM
644 213 693 274 vl.
717 222 759 277 19.
775 225 818 276 ao.
1045 213 1105 279 121

102 366 193 425 minus
214 364 415 427 formidolosos
438 365 503 444 quia
524 364 696 443 Campaniae
716 365 825 425 solitus.
858 364 910 425 llla
931 384 1001 426 vero
1020 375 1106 427 nocte

101 450 141 510 ita
155 449 271 509 irtvaluit
285 457 315 509 ut
330 467 387 509 non
401 450 509 508 moveri
524 451 615 510 omnio
627 450 680 509 sed
693 450 767 508 verti
782 448 975 510 crederentur.
998 450 1131 513 lurum-l

102 535 144 612 pit
159 533 321 594 cubiculum
335 550 428 592 meum
442 543 546 595 mater:
562 533 724 611 surgebam,
740 534 873 611 invicem,
889 536 913 594 si
929 536 1103 612 quiesceret,

101 619 284 678 excitaturus.
311 616 473 678 Residimus
487 620 515 676 in
530 636 597 679 area
612 617 721 694 domus,
739 634 812 696 quac
825 635 902 678 mare
918 635 934 677 a
947 621 1031 678 tectis
1045 636 1105 679 mo-

74 701 166 764 5dico
182 703 275 779 spatio
289 700 442 761 dividebat.
461 700 568 762 Dubito
585 703 769 762 constantiam
783 717 888 761 vocare
904 719 938 760 an
953 702 1130 780 inpruden·5

99 787 166 844 tiam
184 784 316 853 debeam:
337 785 458 866 agebam
479 788 553 845 enim
574 785 853 847 duodevicensimum
875 803 989 845 annum:
1016 804 1105 864 posco

99 867 264 928 librumTiti
278 866 339 927 liri
354 878 384 929 et
395 871 475 948 quasi
491 888 544 949 per
555 872 642 930 otium
653 870 720 948 lego
735 870 829 950 adque
843 871 937 946 etiarn,
953 878 983 929 ut
999 887 1105 949 coepe-

98 969 175 1030 ram,
191 952 329 1030 excerpo.
361 952 458 1031 Ecce,
480 953 587 1015 amicus
604 953 755 1032 avunculi,
772 955 820 1033 qui
834 971 926 1032 nuper
938 953 973 1013 ad
990 972 1054 1013 enm
1069 973 1106 1014 ex

98 1036 233 1115 Hispania
247 1046 381 1114 venerat,
405 1046 436 1097 ut
450 1056 495 1097 me
510 1047 539 1097 et
554 1048 671 1099 matrem
691 1038 846 1115 sedentes,
867 1055 914 1096 me
933 1055 1005 1097 vero
1022 1039 1104 1098 etiam

60 1120 245 1198 [blegentem
259 1119 353 1199 videt,
375 1120 452 1181 illius
466 1122 646 1200 patientiam,
664 1124 846 1184 securitatem
867 1139 958 1181 meam
973 1123 1104 1202 corripit:

98 1203 186 1265 nihilo
201 1207 319 1282 segnius
334 1223 390 1282 ego
406 1206 529 1267 intentus
544 1209 572 1266 in
586 1206 697 1267 libmm
728 1206 787 1267 lam
802 1206 872 1266 liora
886 1205 943 1265 diei
959 1207 1060 1284 prima,
1077 1216 1130 1274 eto

99 1287 192 1348 adbuc
213 1288 313 1371 durbim
335 1282 369 1348 et'
385 1291 465 1369 quasi
486 1290 635 1367 languidus
651 1291 722 1350 dies.
755 1289 814 1349 lam
830 1290 969 1369 quassatis
985 1292 1105 1350 circum·

98 1372 257 1432 iacentibus
279 1375 379 1448 tectis,
397 1368 564 1451 quamquam
582 1376 610 1433 in
632 1382 733 1452 aperto
753 1373 838 1450 loco,
862 1382 982 1448 angusto
999 1382 1102 1449 tomen,

99 1473 217 1532 magnus
233 1463 262 1515 et
276 1464 371 1516 certus
385 1458 484 1516 ruinae
498 1466 600 1517 metus.
623 1457 695 1516 Tum
711 1456 823 1516 demum
839 1455 982 1515 excedere
998 1456 1131 1535 oppidot

56 1541 90 1594 15
99 1541 207 1616 vismm
228 1542 358 1618 sequitur
376 1539 479 1616 vulgus
500 1542 662 1617 attonitum,
686 1539 820 1620 quodque
841 1541 868 1599 in
887 1556 995 1618 pavore
1012 1539 1104 1602 simile

98 1623 283 1701 prudentiae,
299 1622 421 1705 alienum
438 1625 587 1684 consilium
601 1642 653 1684 suo
669 1625 796 1703 praefert
810 1620 977 1703 ingentique
992 1625 1104 1702 agmine

98 1707 227 1767 abeuntis
243 1709 345 1785 premit
365 1717 395 1768 et
415 1708 533 1787 inpellit.
567 1707 687 1786 Egressi
701 1717 779 1770 tecta
794 1708 984 1788 consistimus.
1017 1707 1131 1776 lilultas

97 1791 137 1850 ibi
157 1791 299 1869 miranda,
322 1791 423 1851 multas
444 1792 608 1854 formidines
631 1794 759 1871 patimur.
793 1792 863 1852 Nam
882 1791 1014 1852 vehicula
1031 1811 1103 1872 quae

98 1873 218 1952 produci
232 1877 420 1954 iusseramus,
443 1894 608 1956 quamquam
624 1878 651 1936 in
666 1877 829 1956 planissimo
847 1893 965 1954 campo,
990 1878 1019 1935 in
1036 1894 1103 1937 con·

56 1959 200 2021 notrarias
215 1970 312 2038 partes
327 1961 484 2037 agebantur
498 1978 532 2021 ac
546 1979 583 2020 ne
597 1960 737 2039 lapidibus
752 1961 865 2040 quidem
878 1959 949 2019 fulta
963 1961 992 2018 in
1003 1959 1104 2019 eodem

98 2043 222 2120 vestigio
244 2032 450 2121 quiescebantl
468 2043 618 2104 Praeterea
639 2062 715 2103 mare
737 2047 766 2103 in
787 2062 819 2104 se
838 2030 983 2103 resorberi
1004 2052 1032 2102 et
1048 2053 1130 2114 tre-9

98 2142 179 2186 more
196 2135 289 2187 terrae
310 2129 390 2205 quasi
409 2126 513 2206 repelli
528 2127 702 2190 videbamus.
737 2124 823 2187 Certe
840 2135 1023 2205 processerat
1038 2126 1103 2185 litus

97 2210 243 2288 multaque
264 2209 394 2272 animalia.
412 2212 496 2272 maris
517 2212 604 2271 siccis
628 2211 741 2272 harenis
762 2210 915 2271 detinebat.
947 2208 993 2268 Ab
1014 2208 1104 2270 altero

97 2294 189 2356 latere
209 2293 300 2354 nubes
320 2303 380 2356 atra
400 2303 431 2355 et
449 2294 589 2355 horrenda
611 2296 688 2373 ignei
703 2297 817 2375 spiritus
833 2295 915 2354 tortis
929 2294 1104 2372 vibratisque

56 2384 89 2438 25
99 2378 275 2439 discursibus
302 2388 385 2464 rupta
416 2380 444 2438 in
471 2379 572 2457 longas
600 2379 770 2439 flammarum
796 2381 899 2457 figuras
922 2377 1103 2438 dehiscebat:

98 2462 260 2540 fulguribus
277 2462 344 2522 illae
362 2471 391 2523 et
411 2463 518 2525 similes
541 2472 570 2522 et
591 2465 716 2524 maiores
738 2473 825 2525 erant.
858 2462 927 2521 'lum
943 2463 1013 2522 vero
1030 2462 1147 2527 idem1o

98 2546 149 2606 ille
172 2547 209 2606 eir
227 2546 361 2626 Hispania
382 2549 489 2608 amicus
510 2549 603 2608 acrius
625 2558 659 2608 ot·
672 2549 819 2609 instantius
842 2548 878 2607 ‘si
899 2547 999 2606 frater'
1014 2547 1105 2625 inquit

100 2636 188 2707 ‘tuus,
204 2640 268 2690 tuus
284 2631 439 2692 avunculus
453 2633 534 2710 vivit,
550 2631 612 2692 vult
626 2650 693 2692 csse
708 2647 762 2692 vos
777 2631 889 2692 salvos:
906 2633 930 2690 si
945 2631 1040 2708 periit,
1058 2648 1105 2689 su-

99 2716 235 2794 perstites
256 2713 361 2776 voluit:
388 2716 507 2793 proinde
528 2717 595 2794 quid
617 2718 737 2778 cessatis
759 2712 921 2775 evaderel'
945 2712 1105 2791 Respondi·

56 2808 161 2863 domus
183 2815 239 2860 non
260 2801 462 2860 commissuros
483 2817 537 2860 nos
557 2809 587 2859 ut
609 2799 758 2859 de'salute
778 2798 854 2858 illius
875 2799 977 2857 incerti
990 2803 1106 2856 nostrae

100 2881 324 2944 consuleremus.
356 2882 420 2943 Non
433 2893 557 2944 moratus
578 2881 652 2942 ultra
666 2884 787 2960 proripit
804 2900 837 2941 se
854 2881 1003 2958 ellusoque
1021 2894 1146 2946 cursu11

98 2964 229 3046 periculo
251 2967 385 3027 aufertur.
416 2965 480 3028 Nec
501 2966 589 3027 multo
610 2975 677 3044 post
698 2965 746 3024 illa
763 2964 854 3024 nubes
877 2962 1057 3023 descendere
1077 2966 1105 3023 in

98 3061 201 3128 terras,
218 3052 332 3129 operire
347 3052 445 3110 maria:
460 3050 587 3110 cinxerat
599 3048 725 3129 Capreas
741 3058 770 3108 et
785 3047 989 3108 absconderat:
1003 3046 1106 3107 bliseni

100 3135 178 3217 quod
191 3136 333 3213 procurrit
347 3133 511 3195 abstulerat.
545 3130 616 3194 Tum
635 3144 725 3194 mater
740 3151 839 3210 orare,
861 3133 984 3210 bortari,
1004 3132 1105 3193 iubere
1115 3142 1148 3196 12

55 3232 219 3300 s5quoqno
239 3218 324 3280 modo
344 3212 488 3296 fugerem
512 3236 602 3298 posse
625 3221 699 3278 enim
719 3220 866 3299 iuvenem,
889 3235 922 3277 so
937 3225 967 3276 et
984 3218 1062 3276 annis
1077 3224 1107 3275 et

38 3365 40 3368 .
101 3321 225 3384 corpore
242 3319 359 3380 gravem
373 3302 447 3364 beno
462 3305 640 3380 morituram,
653 3304 688 3363 'si
701 3301 768 3361 mibi
782 3319 867 3361 causa
880 3303 978 3361 mortis
993 3318 1050 3360 non
1063 3299 1106 3358 iu·

99 3388 183 3450 isset.
205 3384 270 3464 Ego
285 3396 399 3465 contra,
421 3387 530 3448 salvum
543 3405 589 3446 me
603 3388 657 3446 nisi
672 3404 727 3465 una
739 3402 797 3445 non
811 3385 949 3446 futurum:
972 3383 1036 3443 dein
1050 3401 1107 3444 ma·
1158 3449 1161 3455 ,

99 3488 167 3532 num
182 3471 245 3531 eius
257 3470 423 3550 amplexus,
444 3471 550 3532 addere
564 3470 683 3549 gradum
699 3487 783 3550 cogo.
817 3469 900 3530 Paret
918 3485 1006 3545 aegre
1027 3467 1105 3526 incu-
