2400 3840
416 199 683 262 Pnuuoulucus
702 211 747 265 61.
759 210 802 265 62.
1045 198 1107 265 277

104 363 230 415 uteretur
245 353 445 432 collegamque
461 363 489 414 te
502 372 558 415 non
572 355 619 413 uni
631 354 717 414 daret.
733 353 862 433 Uterque
874 371 967 432 nuper
978 351 1108 412 consula·

102 449 162 500 tum
175 437 293 498 alterum
307 446 454 514 gesserat,
471 457 486 498 a
502 448 582 518 patre
597 447 658 515 tuo,
673 437 701 497 id
713 446 758 497 est
773 438 980 516 quantominus
996 454 1109 517 quam

102 533 131 583 tc
147 521 254 582 datum!
270 522 417 600 utriusque
431 520 523 582 adhuc
538 520 631 582 oculis
646 521 732 600 paulo
747 530 812 582 ante
827 520 934 581 dimissi
946 520 1042 581 fasces
1058 520 1108 580 ob·

103 606 249 683 errabant,
269 607 417 684 utriusque
432 604 579 666 sollemnis
594 604 644 665 ille
658 604 791 665 lictorum
809 613 839 664 et
854 607 1037 682 praenuntius
1053 602 1108 664 cla·

76 701 163 753 soror
177 691 291 751 auribus
305 689 467 765 insederat,
485 707 549 749 cunr
564 707 660 749 rursus
676 688 782 749 curulis
796 706 952 765 rursusque
966 705 1108 768 purpura;

103 783 133 833 ut
149 772 231 852 olim,
253 791 317 832 cum
336 774 427 835 hostis
447 775 476 832 in
497 775 625 852 proximo
647 783 677 834 et
691 776 717 833 in
740 790 877 834 summum
896 772 1047 832 discrimen
1061 769 1109 830 ad·

103 857 186 917 ducto
206 875 254 917 res
275 856 390 937 publica
412 868 560 937 expertum
579 857 734 917 honoribus
758 858 848 916 rirum
869 864 1024 935 posceret,
1053 873 1110 914 non

103 939 265 1002 consulatus
290 941 449 1001 hominibus
476 941 583 1020 isdem,
612 941 665 1001 sed
697 940 772 1001 idem
796 941 925 1001 homines
958 938 1109 999 consulati·

102 1025 155 1085 bus
177 1023 375 1086 reddebantur.
405 1023 493 1087 'lanta
512 1025 562 1086 tibi
582 1025 657 1086 bene
678 1023 801 1086 faciendi
821 1026 865 1084 vis
887 1033 918 1082 ut
937 1022 1110 1099 indulgentia

62 1122 94 1172 10
105 1118 151 1168 tua
176 1111 365 1178 necessitates
385 1109 550 1170 aemuletur.
592 1108 678 1169 llodo
705 1116 869 1189 praetentas
893 1117 1043 1177 exuerant;
1064 1125 1109 1166 re·

102 1201 225 1253 sumant:
248 1192 332 1254 modo
354 1191 472 1253 lictores
493 1195 573 1254 abire
592 1193 749 1262 iusserant;
769 1201 921 1252 revocent:
944 1190 1030 1251 modo
1045 1209 1109 1269 gra·

101 1275 225 1337 tulantes
242 1278 323 1336 amici
344 1286 540 1346 recesserant;
565 1272 751 1338 revertantur.
787 1274 951 1336 llor'ninisne
972 1275 1048 1335 istud
1069 1277 1108 1334 in·

101 1361 215 1437 genium
231 1369 291 1435 cst,
313 1358 433 1420 bominis
455 1368 600 1438 potestas,
622 1376 762 1420 renovare
776 1358 893 1436 gaudia,
916 1357 1110 1435 redintegrare

101 1443 254 1520 laetitiam,
275 1441 379 1502 nullam
393 1443 522 1520 requiem
535 1440 769 1519 gratulationibus
784 1442 868 1519 dare,
888 1459 983 1520 neque
999 1440 1110 1500 aliare·

61 1539 94 1590 15
103 1525 236 1605 petendis
261 1525 455 1586 consulatibus
483 1525 630 1586 intervalla
656 1527 820 1604 permittere
845 1527 898 1586 nisi
923 1525 988 1583 dum
1012 1524 1110 1584 liniun-

101 1606 168 1670 tur?
193 1608 293 1670 Facias
314 1610 368 1670 ista
388 1627 519 1688 semper,
543 1628 747 1690 necunquam
766 1612 794 1669 in
813 1610 868 1670 hoc
884 1627 973 1687 opere
989 1616 1037 1668 aut
1052 1609 1111 1668 ani·

103 1713 165 1754 mus
181 1703 247 1755 tuus
261 1703 309 1754 aut
325 1692 436 1753 fortuna
451 1693 586 1755 lassetur.
607 1693 668 1756 Des
685 1691 908 1773 quamplurimis
924 1692 1026 1754 tertios
1042 1709 1110 1752 con·

103 1777 228 1854 solatus,
256 1788 285 1838 et
307 1796 371 1838 cum
391 1776 519 1857 plurimis
533 1779 634 1839 tertios
656 1775 820 1838 consulatus
836 1775 967 1855 dederis,
993 1794 1109 1855 semper

101 1870 194 1924 tamen
216 1860 314 1939 plures
335 1858 437 1942 quibus
454 1860 562 1923 debeas
585 1862 651 1922 dare
667 1861 819 1939 supersint.
852 1860 980 1920 Omnium
995 1854 1139 1941 quidemii

57 1957 93 2008 20
104 1946 308 2007 beneficiorum
323 1964 397 2024 quae
411 1946 585 2006 merentibus
599 1945 756 2005 tribuuntur
770 1961 827 2004 non
842 1944 877 2004 ad
888 1946 967 2022 ipsos
979 1943 1111 2021 gaudium

102 2031 193 2089 maius
208 2047 290 2108 quam
305 2029 341 2094 ad
361 2028 468 2090 similes
488 2029 642 2090 redundat:
666 2029 822 2108 praecipue
840 2038 933 2088 mmen
954 2045 991 2087 ex
1009 2028 1110 2087 luorum

103 2111 252 2188 consulatu
267 2130 324 2172 uon
339 2112 374 2173 ad
386 2122 496 2193 partem
511 2113 632 2192 aliquam
648 2121 782 2187 senatus,
804 2111 857 2172 sed
873 2111 908 2171 ad
923 2119 1012 2171 totum
1027 2130 1109 2171 sena-

101 2206 160 2256 tum
179 2205 254 2256 taum
274 2196 381 2256 laetitia
400 2199 533 2276 pervenit
553 2206 584 2257 ut
604 2196 726 2257 eundem
746 2196 883 2256 honorem
898 2213 996 2256 omnes
1011 2196 1065 2256 sibi
1080 2204 1110 2256 et

104 2279 220 2342 dedisse
235 2288 264 2340 et
278 2281 432 2360 accepisse
447 2281 603 2341 rideantur.
631 2279 744 2359 Nempe
760 2283 835 2340 enirn
850 2279 879 2340 bi
896 2289 960 2340 sunt
975 2297 1046 2359 quos
1064 2298 1110 2340 se·

57 2374 202 2444 25natus,
225 2381 289 2424 cum
308 2363 431 2442 publicis
454 2361 611 2442 sumptibus
632 2363 789 2425 minuendis
812 2364 946 2444 optimum
968 2381 1109 2443 quemque

102 2450 289 2528 praeficeret,
306 2447 413 2527 elegit,
430 2458 459 2508 et
477 2448 589 2527 quidem
604 2451 719 2528 primos.
743 2447 806 2508 lloc
821 2457 866 2510 est
880 2449 981 2525 igitur,
996 2447 1052 2507 boc
1064 2455 1111 2507 est

102 2532 180 2610 quod
195 2534 308 2610 penitus
322 2533 389 2594 illos
404 2534 495 2593 animo
511 2530 643 2594 Caesaris
660 2532 819 2593 insinuarit.
846 2532 892 2591 An
906 2549 1004 2610 parum
1018 2547 1110 2608 saepe

103 2618 215 2692 experti
237 2633 332 2677 sumus
354 2619 426 2678 hanc
449 2635 517 2678 esse
537 2633 632 2677 rerum
648 2618 839 2678 conditionem
852 2626 883 2676 ut
897 2624 1014 2676 senatus
1029 2614 1111 2674 lavor

102 2697 176 2776 apud
192 2700 351 2779 principem
366 2710 413 2760 aot
428 2696 520 2779 prosit
534 2710 581 2761 aut
597 2698 724 2762 noceat?
755 2699 857 2760 Nonne
880 2698 965 2776 paulo
989 2705 1054 2757 ante
1069 2697 1110 2754 ni·

57 2781 142 2846 30bil
159 2784 249 2858 magis
271 2782 385 2842 exitiale
405 2793 464 2843 erat
486 2801 569 2862 quam
590 2782 639 2843 illa
653 2784 790 2861 principis
808 2783 943 2859 cogitatio
959 2780 1047 2840 ‘hunc
1064 2797 1110 2839 se·

103 2874 184 2925 natus
200 2865 320 2943 probat,
341 2865 388 2924 hic
403 2869 514 2926 senatui
529 2884 612 2926 carus
627 2863 706 2926 est'?
728 2865 833 2926 Oderat
849 2882 920 2943 quos
935 2882 988 2924 nos
1004 2881 1110 2925 amare·

102 2966 182 3025 mus,
209 2948 262 3008 sed
278 2957 307 3009 et
320 2965 373 3009 nos
391 2966 463 3027 quos
478 2949 537 3009 ille.
567 2947 649 3009 Nunc
663 2951 737 3010 inter
752 2950 911 3028 principem
926 2956 1110 3026 senatumque

104 3032 261 3109 dignissimi
279 3033 420 3111 cuiusque
437 3035 554 3094 caritate
570 3041 704 3093 certatur.
725 3030 958 3093 Demonstramus
975 3032 1109 3105 inuicem,

105 3114 246 3176 oredimus
267 3115 406 3194 invicem,
439 3117 573 3197 quodque
594 3119 741 3176 maximum
767 3118 869 3176 amoris
890 3116 979 3176 mutui
999 3117 1111 3192 signum

58 3209 94 3262 35
104 3209 160 3277 est,
174 3198 292 3258 eosdem
303 3216 435 3259 muamus.
457 3196 588 3277 Proinde,
602 3210 698 3279 patres
711 3199 878 3276 conscripti,
891 3198 985 3260 favete
998 3208 1110 3277 aperte,

105 3283 214 3361 diligite
236 3292 408 3343 constanter.
440 3280 505 3344 Non
524 3285 579 3344 iam
598 3281 817 3357 dissimulandos
832 3290 877 3341 est
890 3300 983 3358 amor,
1010 3299 1047 3340 ne
1059 3297 1110 3339 no·

106 3375 185 3436 ceat;
200 3382 256 3426 non
272 3367 456 3446 premendum
473 3366 585 3444 odium,
601 3386 638 3427 ne
654 3367 754 3446 prosit.
787 3364 895 3427 Eadem
910 3363 1016 3426 Caesar
1037 3382 1111 3440 cpias

104 3459 218 3510 senatus
241 3451 342 3529 probat
363 3450 560 3532 inprobatque.
591 3449 655 3512 llos
672 3447 727 3512 iiie
742 3457 947 3528 praesentes,
962 3461 1026 3499 ass
1045 3446 1141 3495 ΘΜ
