2400 3840
111 187 176 252 264
536 182 568 245 G.
591 179 689 242 Pbllll

110 338 235 402 iemcius
254 345 283 397 et
303 337 436 412 uberius,
462 352 520 395 non
540 335 575 394 ad
593 332 705 394 laudem
724 332 808 394 modo
830 333 882 395 sed
904 332 939 392 ad
953 334 1117 412 pecuniam,

111 423 248 502 principi,
265 422 289 479 si
303 419 411 480 herede
427 418 478 478 illo
493 419 622 478 homines
637 418 708 476 mori
722 416 811 478 velint
827 435 910 495 quam
925 419 949 477 si
965 427 1115 494 cogantur.

110 505 232 566 Donavit
246 511 328 581 pater
342 511 407 562 tuas
421 502 524 579 multa,
540 510 569 560 ct
581 503 645 580 ipse
656 500 777 561 donasti.
801 499 930 560 Cesserit
942 518 1041 580 parum
1052 519 1116 579 gra·

110 597 171 650 tus:
196 595 308 648 manent
322 596 415 647 tamen
430 587 450 644 ii
465 587 513 664 qui
528 584 610 644 bonis
625 586 687 645 eius
699 585 863 662 fruuntur,
888 583 1017 663 nihilque
1033 602 1070 645 ex
1083 585 1115 642 il·

110 671 147 734 lis
161 672 195 733 ad
211 680 241 732 te
254 671 309 730 nisi
324 669 415 747 gloria
427 669 511 730 redit.
532 667 602 728 Nam
616 666 813 728 liberalitatem
830 666 1026 729 iucundiorem
1038 666 1140 736 debi·5

111 764 157 817 tor
171 764 284 834 gratus,
308 753 456 814 clariorem
472 755 598 830 ingratus
613 751 690 812 facit.
725 751 785 812 Sed
801 751 865 830 quis
880 761 945 811 ante
959 760 988 812 te
1004 751 1115 812 laudem

111 841 193 902 istam
207 839 346 918 pecuniae
362 833 515 915 praetulit?
535 844 638 915 quotus
653 836 774 914 quisque
788 836 947 914 principum
962 854 999 895 ne
1013 835 1044 895 id
1056 838 1115 915 qui-

112 922 176 984 dem
190 925 218 982 iu
233 923 407 1002 patrimoniis
422 921 528 982 nostris
544 937 625 980 suum
635 919 713 980 duxit
728 919 803 998 quod
814 928 894 980 esset
904 919 940 980 de
949 915 1025 980 suo?
1039 917 1116 979 Non-

111 1025 148 1067 ne
163 1017 193 1068 ut
207 1023 307 1082 regum
320 1007 358 1065 ita
374 1002 527 1066 (laesarum
541 1022 656 1063 munera
669 1001 764 1063 inlitos
780 1003 853 1063 cibis
865 1001 981 1080 hamos,
998 1012 1116 1080 opertos

111 1089 216 1170 praeda
233 1089 353 1166 laqueos
367 1086 594 1165 aemulabantur,
617 1105 680 1147 cum
700 1088 816 1166 privatis
837 1084 1018 1147 facultatibus
1035 1085 1156 1153 velut1o

111 1173 209 1233 hausta
221 1181 249 1231 et
264 1170 447 1250 multiplicata
456 1180 533 1231 retro
543 1189 641 1231 secum
649 1171 784 1250 quidquid
792 1173 942 1248 attigerant
953 1165 1116 1230 referrent?

58 1263 104 1328 44
176 1253 266 1328 Quam
280 1254 348 1316 utile
364 1263 410 1316 est
424 1255 459 1315 ed
472 1273 554 1315 usum
570 1255 759 1315 secundorum
776 1272 830 1333 per
848 1254 970 1315 adversa
983 1253 1117 1313 venissel

111 1338 214 1400 Vixisti
231 1339 396 1417 uobiscum,
412 1339 589 1417 periclitatus
604 1357 653 1417 es,
674 1341 808 1417 timuisti,
831 1357 904 1417 quae
919 1347 986 1398 tune
1000 1346 1061 1398 erat
1074 1339 1116 1396 in·

112 1425 273 1484 nocentium
288 1425 355 1484 vita.
385 1423 449 1483 Scis
465 1433 494 1484 et
511 1432 649 1502 expertus
663 1441 696 1483 es
714 1431 816 1501 quanto
833 1439 923 1501 opere
938 1421 1117 1482 detestentur

112 1508 203 1569 malos
212 1509 359 1587 principes
371 1509 455 1569 ctiam
466 1509 514 1586 qui
525 1505 615 1568 malos
626 1507 740 1568 faciunt.
758 1505 910 1566 Meministi
924 1523 998 1584 quae
1014 1514 1114 1583 optare
1125 1515 1158 1568 15

113 1592 280 1670 nobiscum,
298 1601 371 1670 quae
388 1593 429 1652 sis
445 1593 526 1669 queri
540 1590 649 1652 solitus.
673 1589 744 1650 Nam
760 1592 872 1669 privato
888 1588 997 1649 iudicio
1012 1591 1117 1668 princi·

113 1691 180 1752 pem
199 1677 294 1751 geris,
314 1672 461 1734 meliorem
481 1675 566 1733 immo
584 1682 613 1733 tc
635 1684 763 1751 praestas
784 1691 869 1751 mam
886 1673 936 1733 tibi
951 1672 1036 1733 alium
1051 1689 1117 1750 pre·

114 1757 224 1816 cabare.
260 1754 359 1834 ltaque
376 1759 419 1817 sic
432 1757 521 1816 inbuti
542 1775 638 1817 sumus
652 1766 699 1835 ut,
722 1757 824 1836 quibus
839 1767 900 1816 erat
914 1774 1021 1816 summa
1034 1765 1117 1815 voto·

112 1857 173 1898 rum
187 1838 289 1898 melior
304 1841 429 1917 pessimo
446 1842 599 1920 princeps,
620 1842 674 1900 iam
687 1857 742 1900 non
754 1842 897 1920 possimus
911 1842 964 1900 nisi
978 1839 1117 1917 optimum

113 1922 201 1983 ferre.
227 1921 319 1982 Nemo
333 1931 379 1984 est
393 1939 463 2000 ergo
479 1932 534 1984 tam
547 1927 603 2001 tui,
619 1933 673 1983 mm
690 1925 803 2001 ignarus
819 1925 863 1983 sui
878 1931 908 1982 ut
921 1922 1016 1983 locum
1029 1924 1115 1982 istum
1125 1931 1161 1983 20

114 2015 220 2088 postte
233 2009 427 2086 concupiscat.
451 2005 574 2068 Facilius
587 2015 672 2069 estut
683 2025 752 2068 esse
762 2005 864 2084 aliquis
879 2023 1035 2068 successor
1050 2015 1116 2066 tuus

114 2093 206 2170 possit
221 2100 348 2170 quornm
363 2090 441 2151 velit.
463 2088 535 2163 Quis
550 2093 624 2150 enim
639 2108 724 2150 curae
734 2098 799 2150 tuae
810 2089 915 2150 molem
930 2098 1032 2168 sponte
1050 2089 1117 2150 sub·

114 2171 179 2235 eati
206 2177 269 2253 qais
285 2176 432 2254 conparari
448 2175 497 2234 tibi
512 2191 569 2234 non
582 2170 769 2235 reformidet?
795 2173 941 2251 Expertus
958 2182 987 2232 et
1005 2175 1069 2251 ipse
1083 2191 1116 2232 es

114 2260 248 2338 quamsit
264 2275 416 2319 onerosum
433 2257 592 2321 succedere
610 2259 686 2319 bono
703 2259 840 2336 principi,
856 2266 886 2317 et
900 2256 1052 2317 adferebas
1066 2274 1116 2317 ex·

115 2342 289 2402 cusationem
308 2341 445 2421 adoptati.
465 2341 511 2402 An
528 2359 615 2420 parva
629 2359 775 2420 pronaque
791 2341 905 2402 suntad
921 2338 1116 2401 aemulandum
1124 2343 1159 2395 25

114 2424 191 2501 quod
201 2442 285 2484 nemo
296 2424 516 2485 incolumitatem
527 2426 698 2505 turpitudine
711 2422 862 2505 rependit?
877 2424 961 2485 Salva
972 2433 1016 2484 est
1027 2425 1116 2483 omni·

114 2508 167 2566 bus
181 2508 238 2565 vita
253 2517 282 2566 et
299 2506 420 2583 dignitas
432 2509 525 2585 vitae,
540 2529 596 2569 nec
609 2511 663 2570 iam
679 2511 874 2571 consideratus
892 2527 926 2569 ac
940 2509 1053 2585 sapiens
1068 2508 1117 2584 qui

113 2599 235 2650 aetatem
247 2591 275 2648 in
290 2590 416 2650 tenebris
431 2593 500 2667 agit.
520 2591 628 2653 Eadem
643 2595 749 2672 quippe
760 2594 813 2653 sub
825 2595 954 2671 principe
967 2591 1118 2651 uirtutibus

114 2674 238 2754 praemia
248 2692 320 2753 quae
336 2675 364 2733 in
378 2673 521 2753 libertate,
537 2694 592 2738 nec
607 2676 777 2737 benefactis
792 2686 897 2742 tantum
915 2694 953 2736 ex
968 2676 1117 2736 conscien-

114 2761 152 2820 tia
166 2777 287 2820 merces.
309 2757 395 2820 Amas
411 2763 595 2820 constantiam
610 2762 713 2821 civium
725 2770 880 2838 rectosque
891 2778 926 2820 ac
936 2760 1048 2818 vividos
1060 2760 1161 2822 ani-30

114 2860 177 2901 mos
192 2861 264 2921 non,
282 2853 311 2904 ut
321 2842 388 2921 alii,
406 2844 554 2904 contundis
570 2863 604 2906 ac
619 2843 769 2924 deprimis,
785 2842 839 2904 sed
854 2843 937 2903 foves
956 2851 986 2903 et
1000 2840 1117 2902 attollis.

115 2926 235 2987 Prodest
249 2929 341 2988 bonos
356 2946 441 3005 esse,
468 2946 532 2988 eum
546 2930 583 2989 sit
599 2930 667 2991 satis
688 2927 874 3006 abundeque,
901 2928 926 2988 si
943 2943 1001 2986 nou
1016 2933 1117 2986 nocet:

114 3008 159 3068 his
175 3009 317 3088 bonores,
338 3010 383 3070 bis
399 3011 575 3087 sacerdotia,
597 3012 639 3073 bis
654 3013 816 3090 provincias
831 3011 933 3071 offers:
954 3009 983 3070 bi
996 3011 1119 3071 amicitia

115 3100 178 3168 tua,
193 3090 222 3149 bi
238 3092 344 3153 iudicio
361 3093 473 3156 florent.
499 3092 647 3155 Acuuntur
662 3098 717 3156 isto
732 3096 901 3173 integritatis
919 3102 949 3154 et
964 3093 1119 3154 industriae

116 3176 210 3255 pretio
230 3175 354 3252 similes,
370 3177 532 3239 >dissimiles
551 3177 736 3239 adliciuntur:
760 3197 824 3240 nam
838 3180 962 3257 praemia
978 3177 1117 3237 bonorum
1126 3185 1159 3239 35

115 3259 310 3336 malorumque
329 3260 422 3322 bonos
442 3278 475 3321 ac
495 3261 585 3322 malos
600 3260 715 3322 iaciunt.
748 3262 834 3323 Pauci
850 3262 922 3322 adeo
938 3262 1054 3339 ingenio
1069 3278 1119 3319 va·

116 3344 175 3404 lent
188 3353 219 3404 ut
237 3359 293 3402 non
312 3350 396 3422 turpe
413 3344 638 3425 honestumque,
664 3355 749 3423 prout
763 3347 839 3407 bene
854 3355 901 3405 aut
914 3362 1000 3406 secus
1017 3347 1118 3418 cessit,

115 3435 251 3505 expetant
273 3426 432 3505 fugientum
460 3430 566 3507 ceteri,
594 3428 641 3487 ubi
664 3427 770 3490 laboris
793 3431 929 3507 inertiae,
955 3427 1119 3506 vigilantiae
