2400 3840
89 163 151 228 156
508 158 542 221 0.
561 158 659 220 l’Lllll

87 335 160 398 quae
175 324 230 375 tam
240 332 361 392 reeens,
377 322 432 373 tam
448 313 583 391 eopiosa,
598 321 653 372 tam
667 309 733 388 lata,
750 310 876 389 denique
891 318 947 370 tam
960 309 1079 388 poetioa,

61 409 117 466 aet
134 414 298 479 quamquam
318 398 346 457 iu
362 397 520 458 verissimis
534 395 640 474 robus,
661 404 716 463 tam
730 393 861 454 fabulosa
878 389 1018 453 material
1037 391 1081 451 lii·

87 502 139 544 oes
159 482 271 542 inmissa
288 481 372 541 terris
391 497 465 541 uova
482 479 610 558 llumlna,
631 495 723 539 uovos
744 485 848 556 poutes
868 475 1028 537 dominibus
1045 477 1082 536 iu·

87 567 191 640 ieotos,
205 566 317 625 insessa
331 565 431 625 castris
446 565 581 624 montium
595 563 724 642 abrupta,
740 559 855 640 pulsum
868 561 962 639 regia,
978 559 1083 639 pulsum

88 651 173 712 etiam
187 650 244 709 vita
260 664 359 725 regem
382 646 451 707 uibil
472 646 687 726 desperantem
716 661 804 724 super
823 643 915 722 baeu,
944 653 1025 705 aotos
1044 643 1104 705 bist

87 732 258 812 triumphos,
276 748 394 810 quorum
408 731 480 791 alter
494 747 531 790 er
541 731 647 790 luviota
660 737 748 807 geute
765 729 892 808 primus,
909 726 985 788 altor
996 728 1083 787 roris·

61 819 176 880 ssimus
193 816 254 877 fuit.
274 815 335 887 ilua
349 815 402 876 sed
417 815 534 874 maxima
548 812 715 888 dildoultas,
731 809 808 889 quod
821 811 895 871 baeu
908 828 1033 890 aequare
1048 810 1083 869 di·
1160 844 1163 849 -

90 900 181 961 condo
200 898 315 959 arduum
336 900 508 972 inmensum,
533 899 619 957 etiam
639 906 688 957 tuo
709 896 845 972 iugenio,
868 911 1037 974 quamquam
1049 893 1084 954 al-

89 984 200 1045 tissime
215 982 347 1056 adsurgat
363 989 392 1039 et
406 978 586 1058 amplissimis
606 979 743 1060 operibus
757 979 910 1039 inarescat.
942 976 1008 1038 Nou
1029 976 1084 1036 uul-

89 1066 135 1127 lus
150 1075 180 1126 et
193 1066 222 1124 iu
234 1063 285 1123 illo
299 1062 380 1123 labor
394 1072 425 1124 ut
440 1062 559 1124 barbam
572 1072 603 1124 et
615 1063 675 1124 iera
695 1062 821 1139 uomina,
846 1063 876 1120 iu
898 1062 998 1139 primis
1013 1061 1118 1137 regiola

64 1150 193 1229 lipsius,
209 1145 327 1208 Graecis
337 1147 469 1207 uersibus
483 1163 538 1206 uon
549 1145 697 1209 resultent.
728 1144 787 1207 Sed
800 1143 869 1205 uibil
885 1152 932 1204 est
943 1143 1021 1223 quod
1034 1160 1085 1204 uoa

90 1240 150 1292 arte
167 1248 301 1309 curaque,
320 1231 344 1291 si
359 1246 415 1290 uon
430 1239 526 1310 potest
539 1231 626 1308 riuoi,
640 1230 793 1308 mitigetur.
821 1227 993 1306 Praeterea,
1008 1229 1032 1288 si
1045 1227 1087 1287 da·
1161 1238 1163 1243 '

91 1325 137 1375 tur
150 1314 273 1375 Homero
290 1323 319 1375 et
339 1312 434 1375 mollia
447 1312 588 1374 voeabula
609 1322 638 1373 et
655 1310 762 1374 Gmeoa
781 1311 815 1372 ad
830 1310 979 1373 levitatem
992 1328 1087 1372 versus

91 1399 276 1476 contrahere,
300 1397 472 1475 extendere,
493 1396 658 1473 indeotere,
687 1414 736 1456 our
756 1395 807 1457 tibi
825 1393 925 1456 similis
949 1394 1086 1470 audeutia,

66 1484 258 1563 opraesertim
274 1499 331 1543 uou
351 1482 471 1542 delicata
490 1481 542 1542 sed
556 1482 734 1557 necessaria,
757 1496 813 1539 nou
834 1475 939 1539 detur?
971 1477 1086 1539 Proinde
1095 1484 1121 1537 15

90 1569 152 1627 iure
166 1576 260 1627 vatum
274 1567 411 1626 invocatis
425 1565 479 1641 dis,
497 1574 526 1625 et
537 1567 610 1624 iuter
621 1580 673 1624 eos
685 1565 750 1640 ipso
762 1563 842 1623 ouius
856 1580 906 1624 res
921 1579 1012 1642 opera
1025 1579 1087 1622 oou·

91 1649 155 1709 silio
169 1650 294 1709 dicturus
310 1665 353 1723 es,
371 1649 487 1708 immitte
501 1647 653 1723 rudentes,
674 1647 768 1725 pande
781 1644 863 1723 vela,
881 1663 916 1706 ao
936 1647 962 1707 si
981 1644 1093 1726 quaudo,

90 1730 170 1807 alias,
186 1739 247 1790 toto
262 1730 377 1806 ingenio
394 1729 511 1790 valuere.
540 1726 598 1789 Gur
612 1732 686 1791 euim
696 1746 825 1806 uouego
841 1745 958 1808 quoque
975 1729 1089 1809 poetioe

66 1821 156 1874 fioum
171 1808 277 1891 potita?
292 1811 365 1871 lllud
381 1813 434 1872 iam
449 1831 523 1872 uuuo
534 1815 680 1892 paciscor:
700 1815 788 1893 prima
803 1830 936 1892 quaeque
951 1821 984 1874 ut
997 1811 1089 1875 absol·

89 1897 184 1974 veris,
206 1897 325 1973 mittito,
348 1898 432 1957 immo
454 1897 537 1956 etiam
558 1906 623 1957 ante
644 1914 727 1976 quam
746 1895 897 1974 absolvas,
919 1898 997 1958 siout
1012 1904 1125 1959 eruutao

66 1981 215 2041 trecentia
235 1989 265 2041 et
281 1980 359 2040 rudia
382 1989 411 2041 et
430 1979 522 2041 adhue
545 1981 645 2042 similia
665 1980 858 2042 uasoeutibus.
888 1979 1089 2060 Respondebis

91 2081 147 2124 uou
162 2082 250 2144 posse
265 2064 383 2141 perinde
401 2067 517 2143 carptim
531 2075 560 2125 ut
577 2073 726 2141 contexta,
746 2063 865 2141 perinde
886 2063 1021 2125 iuohoata
1033 2063 1089 2144 pla·

92 2165 160 2208 oere
175 2157 205 2208 ut
220 2149 333 2210 edecta.
354 2149 430 2208 Soio.
450 2147 549 2227 ltaque
563 2157 592 2208 et
607 2165 623 2209 a
636 2165 682 2209 me
696 2147 918 2208 aestimabuntur
933 2156 963 2208 ut
978 2156 1089 2227 ooepta,

91 2233 294 2309 spectabuntur
309 2240 339 2292 ut
357 2232 482 2292 membra
501 2241 710 2310 extremamque
729 2230 821 2290 limam
841 2239 917 2290 tuam
940 2233 1090 2310 opperien-

90 2321 135 2372 tur
150 2315 178 2372 iu
190 2315 295 2374 scrinio
309 2323 418 2375 nostro.
438 2314 540 2376 Patere
555 2315 612 2374 boo
625 2331 672 2375 me
682 2331 771 2393 super
786 2324 884 2374 oetera
897 2314 1007 2381 habere
1017 2316 1126 2376 auro-25

89 2396 129 2455 ris
139 2398 179 2455 tui
195 2399 298 2473 pignus
312 2406 343 2457 ut
359 2416 394 2458 ea
415 2415 530 2477 quoque
544 2400 634 2458 uorim
652 2416 723 2477 quae
738 2398 979 2459 uosseuemiuem
988 2397 1091 2460 velles.

64 2476 121 2541 Sln
136 2496 252 2556 summa,
264 2489 368 2557 potero
381 2481 504 2542 fortasse
520 2484 626 2562 scripta
640 2493 688 2542 tua
708 2483 797 2559 magis
820 2481 944 2560 probare
966 2481 1090 2559 laudare,

91 2571 194 2640 quanto
208 2560 256 2622 illa
271 2562 375 2624 tardius
392 2565 573 2644 cautiusque,
595 2566 646 2627 sed
663 2567 755 2644 ipsum
771 2573 801 2624 te
817 2565 908 2642 magis
923 2565 1024 2627 amabo
1037 2583 1090 2625 ma·

90 2648 194 2728 aisque
209 2646 341 2725 laudabo,
358 2657 462 2726 quanto
479 2647 602 2711 celerius
616 2658 645 2709 et
659 2650 796 2710 iuoautius
812 2649 936 2709 miseris.
966 2648 1048 2711 Vale,

374 2881 401 2936 Ο.
420 2881 546 2933 PLINIUS
564 2881 685 2932 GlllleO
702 2879 761 2933 SUO
780 2880 806 2934 S.

65 2991 81 3042 l
155 2980 246 3044 Grave
260 2986 362 3046 vulnus
378 2983 519 3046 blaoriuus
532 2995 632 3045 noster
646 2986 769 3062 aceepit.
788 2983 894 3045 'Amisit
904 3000 1027 3045 uxorem
1037 2985 1090 3045 siu·

90 3061 195 3137 gularis
212 3070 351 3148 exempli,
373 3069 496 3130 etiamsi
512 3066 703 3127 olimfuisset.
732 3067 811 3127 Vixit
828 3067 960 3128 cumbae
977 3069 1088 3145 triginta

90 3161 193 3204 uorem
207 3152 285 3210 aunis
302 3155 363 3212 siue
378 3154 486 3230 iurgio,
509 3152 571 3211 siue
587 3150 706 3210 offensa.
736 3150 825 3223 Quam
839 3149 887 3210 illa
902 3151 1126 3211 reverentiumbb

89 3230 189 3289 marito
205 3248 257 3291 suo
273 3237 422 3309 praestitit,
440 3252 503 3294 oum
514 3235 575 3313 ipsa
587 3250 720 3293 summam
730 3232 901 3294 mereretur!
918 3243 989 3312 quot
1006 3251 1088 3312 quau·

90 3320 190 3390 tasque
210 3315 329 3375 virtutes
350 3335 387 3375 ex
408 3319 528 3378 divorsis
549 3317 687 3377 aetatibus
709 3325 834 3394 sumptas
856 3314 976 3394 collegit
998 3326 1028 3378 et
1041 3317 1089 3375 mi·

63 3396 177 3456 asouit!
196 3396 289 3460 Habet
309 3398 422 3476 quidem
442 3399 584 3460 llaoriuus
604 3401 711 3477 grande
733 3399 870 3460 solacium
889 3400 967 3479 qood
986 3408 1088 3461 tautum
