2400 3840
142 180 205 245 228
444 174 477 236 0.
499 172 598 236 PLINl
618 171 667 233 ET
688 169 844 233 TRhlle

143 331 361 393 vindicationem
375 328 514 389 bonorum
531 344 548 387 a
563 325 629 386 divo
645 324 776 402 Augusto
790 323 945 399 adbrmmt,
965 320 1088 383 debebis
1102 339 1147 381 va-

146 434 212 477 care
233 415 387 475 contractis
408 411 537 472 omuibus
556 411 688 490 personis
702 407 739 467 ad
754 406 829 468 idem
844 407 992 483 negotium
1005 407 1148 483 pertiuen-

145 501 239 576 tibus,
268 498 399 559 adhibitis
418 495 516 555 Virdio
537 491 695 554 Gemellino
711 501 740 551 et
754 489 928 569 Epimacho,
948 487 1056 549 liberto
1074 507 1148 566 mcc,

146 583 396 662 procuratoribus,
417 588 448 640 ut
469 576 622 639 aestimatis
645 576 728 635 etiam
749 576 784 634 iis
805 591 877 652 quae
900 573 1150 634 contradicuntur

147 665 224 746 quod
239 668 375 744 optimum
390 661 568 724 credideritis
583 660 721 720 statuatis.
1158 658 1172 710 5

512 791 647 854 cxxxv.
671 789 784 870 [xum]

368 896 395 950 c.
413 893 538 947 rurnms
553 891 696 968 semeso
714 887 922 944 membrum.

209 997 375 1074 Maximum,
397 995 530 1056 libertum
550 1003 580 1055 et
594 1001 809 1072 procuratorem
818 1000 917 1068 tuum,
942 990 1076 1070 domine,
1098 1009 1149 1070 per

148 1101 230 1144 omne
244 1091 356 1158 tempus
371 1095 428 1157 quo
443 1077 545 1139 fuimus
561 1094 616 1137 una
630 1077 751 1156 probum
766 1085 795 1136 ct
807 1075 974 1135 industrium
989 1084 1019 1136 et
1030 1075 1185 1153 diligen-10

146 1175 204 1227 tem
223 1182 258 1225 ac
279 1163 352 1223 sicut
372 1164 415 1222 rei
434 1170 499 1222 tuac
521 1161 740 1222 amantissimum
756 1161 794 1219 ita
816 1157 984 1237 disciplinae
1000 1160 1149 1220 tenacissi-

34 1291 39 1297 -
147 1266 220 1308 mum
237 1255 392 1326 expertus,
414 1244 537 1305 libenter
551 1244 626 1321 apud
641 1254 671 1305 tc
686 1242 850 1305 testimonio
867 1256 1032 1321 prosequor
1047 1242 1148 1304 enfide

147 1351 230 1412 quarn
246 1331 297 1392 tibi
312 1329 416 1391 debeo.

254 1547 257 1553 .
490 1461 641 1524 cxxxvt.
665 1460 793 1541 [xum]

368 1563 396 1616 G.
416 1563 541 1614 PLINIUS
557 1559 700 1612 TRAIANO
715 1559 922 1612 IMPERATORJ.

121 1681 136 1732 l
212 1665 329 1725 Gabium
342 1666 476 1740 Bassum,
490 1665 619 1743 domiue,
635 1663 812 1744 praelectum
829 1681 897 1723 orae
914 1661 1064 1740 Ponticae,
1080 1663 1148 1721 intc-

149 1767 247 1826 grum,
268 1749 405 1827 probum,
423 1748 606 1826 industrium,
628 1757 715 1827 atquc
729 1749 804 1808 inter
818 1748 873 1808 ista
886 1746 1149 1808 reverentissimum

147 1831 203 1890 mei
216 1840 363 1912 expertus,
378 1841 446 1893 voto
457 1832 563 1910 pariter
575 1841 603 1892 et
615 1831 750 1908 suffragio
769 1848 931 1911 prosequor
949 1848 985 1890 ea
998 1828 1054 1890 bdc
1070 1846 1149 1908 mam

147 1915 198 1976 tibi
208 1913 309 1976 >debeo
329 1924 347 1985 i
365 1934 448 1995 quam
469 1932 592 1996 eaquae
610 1924 709 1995 speret
723 1916 890 1976 instructum
906 1913 1072 1975 commilitio
1088 1922 1187 1988 tuo,20

121 2001 229 2066 ncuius
245 1999 412 2077 disciplinae
430 1999 517 2062 debet
531 2000 608 2080 quod
620 1999 795 2077 indulgentia
809 2007 857 2059 tua
871 1998 973 2076 dignus
988 2007 1044 2058 est.
1065 1995 1148 2074 Apud

148 2102 194 2144 me
209 2091 239 2144 et
251 2082 356 2144 milites
370 2093 399 2144 et
412 2085 525 2163 pagani,
540 2103 557 2145 a
571 2083 673 2164 quibus
688 2084 794 2144 iustitia
808 2083 870 2143 eius
884 2092 914 2143 et
928 2081 1085 2141 humanitas
1100 2097 1149 2160 pe·

147 2168 222 2229 nitus
237 2168 368 2246 inspecta
385 2177 446 2246 est,
466 2169 594 2229 certatim
611 2169 639 2228 ei
654 2185 709 2247 qua
724 2168 854 2245 privatim
869 2184 923 2245 qua
937 2164 1057 2243 publice
1071 2165 1149 2225 testi-

147 2253 240 2311 mouia
259 2252 479 2329 partribucront.
513 2250 597 2325 Quod
619 2252 648 2312 in
669 2252 795 2311 notitiam
815 2259 891 2310 tuam
911 2248 1030 2327 periero
1045 2266 1080 2310 ea
1095 2246 1149 2308 lide

148 2350 232 2409 quam
245 2333 297 2393 tibi
315 2333 418 2395 debeo.
1157 2338 1188 2390 ab

478 2466 643 2527 uxxxvu.
666 2465 807 2545 [xviam

370 2562 397 2615 G.
418 2563 544 2614 PLlNllJS
559 2565 705 2615 TRAIANO
723 2563 930 2617 IMPERATORI.

121 2680 136 2731 1
209 2665 408 2747 Nymphidium
421 2666 541 2747 Lupum,
554 2666 678 2746 domine,
696 2668 913 2748 primipilarem,
930 2667 1151 2729 commilitonem
1183 2698 1187 2706 ·

148 2751 249 2830 habui,
267 2753 406 2832 cumipse
421 2752 548 2812 tribunus
564 2768 677 2830 essem,
692 2751 743 2813 illc
757 2753 937 2832 praelectus:
954 2752 1021 2812 inde
1034 2751 1191 2817 familia-30

146 2838 216 2896 riter
236 2835 356 2914 diligere
378 2836 472 2916 coepi.
504 2832 602 2896 Crevit
619 2845 721 2914 postea
738 2839 840 2897 caritas
860 2838 923 2916 ipsa
942 2845 1056 2897 mutuae
1069 2843 1151 2896 vetu-

123 2928 223 2979 2state
245 2921 393 2980 amicitiae.
424 2919 523 3001 ltaque
544 2925 574 2980 et
589 2921 677 2999 quieti
697 2923 758 2982 eius
777 2921 863 2980 inieci
883 2928 1044 2980 manumet
1066 2918 1151 2995 exegi

148 3010 178 3058 ut
193 3018 238 3060 me
253 3005 282 3060 in
295 3003 424 3078 Bithynia
440 3002 562 3064 consilio
578 3005 741 3065 instmerct.
772 3002 857 3077 Quod
872 3004 923 3065 ille
937 3004 1152 3064 amicissimeet

149 3083 198 3140 otii
213 3093 242 3143 ct
258 3087 414 3147 senectutis
428 3088 537 3148 ratione
552 3088 713 3165 postposita
727 3096 757 3147 et
770 3088 825 3146 iam
836 3087 905 3148 lecit
916 3098 946 3148 ct
958 3087 1084 3150 facturus
1096 3094 1150 3146 est.

122 3163 258 3238 sQuibus
273 3185 311 3226 ex
327 3172 419 3230 causis
433 3167 660 3232 necessitudines
672 3170 734 3230 eius
745 3171 819 3231 inter
828 3189 906 3233 meas
918 3187 1047 3249 numero,
1064 3169 1149 3231 blium
1159 3183 1192 3238 35

148 3249 177 3309 iu
192 3249 306 3327 primis,
322 3250 521 3330 Nymphidium
537 3251 663 3332 Lupum,
684 3255 817 3315 iuvenem
831 3255 970 3334 probum,
984 3253 1152 3315 industrium

149 3343 179 3392 et
192 3334 312 3412 egregio
327 3344 408 3410 patre
430 3336 640 3415 dignissimum,
661 3338 847 3399 suffecturum
862 3336 1055 3416 indulgentiae
1071 3347 1152 3407 turer

55 3471 61 3490 ,
148 3417 223 3476 sicut
234 3416 334 3498 primis
356 3418 417 3478 eiua
439 3420 642 3500 experimentis
665 3439 846 3500 cognoscere
867 3430 971 3504 potes,
990 3439 1055 3484 cum
1070 3439 1151 3501 prae·

1156 1509 1184 1562 15
