2400 3840
97 156 137 220 76
524 153 556 215 0.
579 153 676 215 PLlNl

72 310 225 371 tcursoria
240 305 363 387 epistula
377 323 459 384 rogo.
479 306 537 367 Sed
553 308 633 386 prius
649 307 751 386 accipe
766 322 868 366 causas
886 302 1016 382 rogandi.
1037 302 1096 364 l‘m·

95 397 171 454 xime
187 409 251 451 cum
265 394 293 450 in
308 392 397 471 patria
412 407 475 450 mea
492 391 543 468 lui,
559 392 637 452 venit
653 389 688 449 ad
701 408 747 449 me
764 387 941 449 salutandum
955 389 1098 466 municipis

95 479 151 537 mei
164 475 237 536 lilius
252 483 457 555 praetextatus.
485 474 558 534 Huic
573 493 630 552 ego
648 469 799 534 ‘studesl’
817 475 942 550 inquam.
975 471 1098 550 liespon·

97 560 137 623 dit
151 561 269 620 ‘etiam'
293 555 398 620 ‘Ubii’
422 556 609 618 ‘Mediolani’
631 555 702 617 ‘cur
717 574 774 617 non
789 553 876 616 luici’
896 554 935 617 Et
946 565 1029 635 pater
1043 557 1098 616 eius

97 646 174 724 (erat
187 646 261 704 enim
274 662 329 705 una
343 653 429 722 atque
447 645 532 704 etiam
548 644 612 720 ipse
628 641 782 701 adduxerat
797 641 935 720 puerum)
952 641 1030 717 ‘quia
1045 638 1119 700 nal-5

73 728 141 790 alos
156 728 203 788 hic
219 739 426 809 praeceptores
441 727 600 788 habemus?
622 722 730 798 ‘Quare
741 720 859 784 nullosi
874 741 939 783 nam
952 723 1099 784 vehemen-

95 821 140 875 ter
156 814 290 875 intererat
303 823 419 888 vestra,
437 813 485 889 qui
501 820 598 890 patres
615 811 708 886 estis’‚
725 817 754 868 et
770 816 934 888 opportune
951 806 1099 887 conplures
1168 824 1170 871 ἑ

95 907 193 978 patres
210 897 371 972 audiebant,
388 895 508 954 ‘liberos
523 903 638 954 vestros
651 892 698 952 hic
712 894 891 970 potissimum
905 890 1032 953 discere.
1051 889 1100 950 Uti
1168 890 1170 901 '

97 985 172 1041 enim
186 990 233 1042 aut
245 979 396 1039 iucundius
408 986 585 1037 morarentur
596 995 679 1055 quam
691 978 719 1036 in
731 978 821 1055 patria
831 985 879 1036 aut
891 974 1027 1054 pudicius
1040 992 1099 1034 con·

97 1067 256 1125 tinerentur
270 1079 353 1140 quam
368 1062 420 1122 sub
436 1059 529 1121 oculis
544 1070 692 1140 parentum
707 1070 753 1121 aut
768 1063 877 1120 minore
892 1069 1010 1140 sumptu
1026 1072 1129 1138 qaamlo
1167 1062 1170 1069 '

73 1143 193 1213 5domii
214 1143 386 1219 Quantulum
407 1154 453 1206 est
473 1162 545 1222 ergo
567 1143 670 1205 collata
691 1146 813 1223 pecunia
837 1143 1004 1204 conducere
1025 1160 1099 1222 prac-

98 1240 252 1308 ceptores‚
265 1231 399 1308 quodque
415 1247 490 1289 nunc
504 1231 532 1289 in
546 1229 751 1305 habitationes,
769 1231 798 1288 in
808 1229 921 1304 viatica,
940 1229 970 1287 in
985 1244 1100 1306 eaquae

96 1333 221 1394 peregre
239 1323 368 1375 emuntur
388 1314 542 1392 inpenditis
563 1313 678 1374 adicere
698 1307 1019 1389 mercedibusi'dtque
1035 1311 1100 1371 adeo

98 1418 171 1477 ego,
193 1400 241 1478 qui
256 1399 379 1460 nondum
399 1398 508 1460 liberos
529 1399 639 1474 habeo,
662 1405 777 1474 paratus
792 1413 854 1457 sum
872 1412 925 1473 pro
943 1395 1101 1474 republica

96 1494 210 1561 nostra,
235 1486 315 1563 quasi
331 1502 383 1562 pro
405 1482 461 1543 iilia
478 1481 525 1542 vel
542 1489 678 1561 parente,
704 1482 814 1541 tertiam
828 1487 938 1557 partem
954 1481 1017 1539 eius
1033 1476 1129 1556 quodlt

74 1567 231 1629 ficonierre
246 1567 330 1626 vobis
347 1566 474 1645 placebit
489 1566 566 1624 dare.
598 1564 700 1624 Totum
716 1566 800 1625 etiam
817 1561 987 1640 pollicerer,
1002 1564 1056 1622 nisi
1071 1563 1100 1621 ti·

98 1668 206 1729 merem
227 1668 263 1708 ne
285 1649 342 1709 hoc
362 1666 462 1708 munus
484 1665 576 1707 meum
598 1648 769 1726 quandoque
784 1648 889 1707 ambitu
907 1662 1100 1724 corrumpere·

99 1741 160 1808 tur,
176 1740 207 1791 ut
221 1731 354 1791 accidere
370 1731 465 1793 multis
481 1734 508 1790 in
523 1731 597 1792 locis
611 1732 712 1808 rideo,
728 1734 757 1791 iri
775 1731 879 1810 quibus
896 1739 1101 1809 praeceptores

75 1814 218 1894 tpublice
240 1815 443 1876 conducuntur.
476 1814 549 1876 Huic
562 1817 633 1877 vitio
650 1818 762 1875 occurri
777 1832 834 1875 uno
850 1814 982 1874 remedio
997 1822 1100 1893 potest,
1145 1848 1148 1855 »

46 1961 59 1983 .
98 1901 123 1960 si
137 1899 302 1977 parentibus
318 1898 388 1961 solis
399 1901 444 1960 ius
460 1899 637 1960 conducendi
650 1899 824 1978 relinquatur
838 1898 990 1976 isdemque
1002 1898 1134 1974 religioso

74 1991 179 2046 &recto
200 1982 340 2044 iudicandi
355 1987 529 2046 necessitate
546 1983 707 2045 collationis
729 1983 855 2043 addatm.
884 1980 956 2042 Nam
978 1984 1027 2059 qui
1049 1982 1101 2041 ior·

98 2076 175 2129 tasse
191 2067 227 2128 de
241 2066 336 2129 alieno
351 2068 554 2148 neglegentes,
571 2077 650 2128 certe
665 2067 701 2127 de
716 2084 770 2128 suo
785 2066 940 2144 diligentes
960 2074 1042 2125 erunt
1059 2064 1101 2124 da·

98 2152 226 2231 huntquc
249 2171 366 2230 operam
386 2173 423 2213 ne
444 2172 461 2212 a
482 2171 528 2212 me
548 2154 697 2230 pecuniam
712 2153 837 2211 nonnisi
854 2151 957 2227 dignus
972 2151 1101 2228 accipiat,

75 2238 126 2298 9si
142 2244 313 2312 accepturus
331 2245 360 2295 et
374 2238 409 2294 ab
425 2237 496 2313 ipsis
512 2238 573 2295 erit.
605 2235 727 2295 Proinde
744 2236 923 2313 consentite,
941 2236 1102 2313 conspirate

98 2320 291 2395 maioremque
307 2320 427 2377 animum
442 2337 480 2377 ex
490 2336 556 2378 meo
572 2322 685 2397 sumite,
701 2321 749 2398 qui
764 2321 851 2396 cupio
868 2337 936 2378 esse
949 2336 1034 2396 quam
1044 2316 1134 2396 plu-lt

97 2403 197 2459 rimum
215 2401 292 2477 quod
308 2401 428 2460 debeam
443 2402 586 2463 conferre.
613 2403 690 2463 Nihil
704 2403 853 2464 honestius
869 2412 1018 2480 praestare
1034 2401 1103 2461 libe·

98 2485 137 2543 ris
158 2486 279 2561 vestris,
303 2482 371 2543 nihil
392 2488 498 2562 gratius
519 2490 627 2564 patriae
648 2489 782 2565 potestis.
813 2485 981 2546 Educentur
995 2485 1044 2545 hic
1057 2483 1104 2564 qui

99 2566 146 2626 hic
169 2577 323 2628 nascuntur
343 2572 493 2649 statimque
515 2571 550 2631 ab
571 2572 686 2632 infantia
705 2571 797 2630 natale
819 2569 912 2631 solum
932 2587 1027 2630 amare
1049 2570 1104 2629 ire·

98 2662 236 2730 quentare
253 2663 454 2714 consuescant.
485 2655 580 2734 Atque
596 2658 700 2715 utinam
715 2663 771 2714 tam
787 2654 880 2715 claros
895 2663 1104 2733 praeceptores

98 2737 238 2798 inducatis
253 2746 284 2797 ut
299 2738 424 2799 finitimis
440 2740 552 2818 oppidis
568 2739 660 2800 studia
674 2739 740 2797 hinc
755 2747 903 2816 petantur,
925 2747 1016 2815 utque
1030 2749 1138 2803 nuncto

99 2820 184 2882 liberi
199 2825 287 2883 vestri
303 2822 395 2884 aliena
409 2825 437 2882 in
452 2824 533 2902 loca,
558 2826 595 2883 ita
610 2841 677 2882 mox
691 2822 776 2882 alieni
791 2824 820 2881 in
834 2823 909 2881 hunc
924 2821 1022 2881 locum
1038 2837 1103 2880 con·

59 2903 217 2964 toiluanti’
237 2905 316 2966 llaec
337 2909 433 2985 putavi
453 2906 536 2968 altius
558 2918 588 2968 et
608 2908 689 2986 quasi
711 2925 727 2966 a
749 2906 827 2966 fonte
848 2906 1023 2985 repetenda,
1048 2920 1104 2983 quo

99 2990 188 3064 magis
203 2991 294 3050 scires
310 3009 392 3068 quam
412 3003 522 3068 gratum
542 2991 608 3051 milri
628 2992 721 3068 foret,
743 2993 768 3051 si
789 2992 954 3068 susciperes
973 2990 1050 3068 quod
1066 2991 1105 3048 in·

99 3073 197 3146 iungo.
220 3070 339 3150 Iniungo
355 3083 449 3134 autem
464 3084 493 3136 et
507 3093 561 3155 pro
575 3077 618 3135 rei
633 3075 825 3152 magnitudine
840 3091 914 3152 rogo
929 3083 962 3134 ut
972 3093 1012 3134 ex
1023 3074 1105 3151 copia

100 3154 308 3233 studiosorum,
333 3177 406 3236 quae
426 3159 460 3220 ad
482 3170 511 3220 te
529 3178 567 3219 ex
582 3158 766 3219 admiratione
780 3160 887 3236 ingenii
901 3159 942 3219 tui
959 3160 1141 3234 conveniadt

101 3241 313 3319 circumspicias
335 3253 542 3322 praeceptores
561 3260 635 3322 quos
650 3243 805 3304 sollicitare
820 3245 983 3320 possimus,
1000 3243 1054 3305 sub
1071 3259 1104 3302 ea
1128 3279 1130 3282 -

99 3332 192 3383 tamen
208 3326 371 3387 conditione
387 3346 424 3388 ne
439 3330 486 3386 cui
501 3327 586 3388 fidem
599 3344 688 3387 meam
707 3328 892 3404 obstringam.
916 3325 1016 3388 Omnia
1031 3327 1105 3388 enim

98 3405 189 3469 libera
209 3413 374 3488 parentibus
397 3429 492 3474 servo.
524 3411 569 3472 llli
590 3411 731 3490 iudicent,
756 3411 797 3472 illi
819 3411 938 3489 eligant:
960 3430 1019 3489 ego
1039 3410 1105 3470 milri
