2400 3840
60 200 112 243 xiv
475 185 711 239 PRAEFATIO.

63 351 199 416 excerptae
221 345 303 417 itaquo
312 344 372 400 illud
386 344 543 417 archetypon
562 359 633 415 equo
646 350 671 397 et
681 343 746 397 hono
757 342 866 397 codicem
884 347 908 395 ct
921 343 1006 413 reliqua

64 443 167 501 quorum
176 428 258 484 nuilus
269 433 308 482 est
316 428 400 500 quinto
411 428 507 484 decimo
517 427 615 483 saeculo
627 427 758 498 antiquior,
771 425 907 495 descriptos
925 427 1004 481 essed

21 546 23 550 ν
64 512 117 568 aliis
129 511 282 567 librariorum
293 511 416 569 erroribus
426 518 569 583 corruptum
581 516 645 574 erat.
668 517 721 565 tum
744 509 827 564 multis
842 508 935 563 lacunis
956 509 1006 564 hiai

63 611 118 652 rum
142 595 250 651 omnium
272 610 328 650 cum
351 610 365 649 e
384 596 451 651 libris
472 610 544 651 manu
565 593 660 665 scriptis
677 594 769 648 nudum
788 599 884 663 praeter
900 593 1006 648 italorun

64 679 215 736 oonieotmas
233 679 349 734 auxilium
364 681 415 749 peti
431 686 528 751 posset,
551 677 743 732 emendationem
758 677 828 731 multi
844 685 1003 746 susceperunt

64 769 160 828 autem,
182 769 310 835 postpram
331 764 448 835 quaedam
469 763 494 818 in
514 763 562 818 hoo
581 775 671 834 genere
691 761 809 831 praestitit
829 759 976 824 Catanaeus,

63 845 167 903 iooooeo
183 845 360 920 depensos,
387 847 429 918 qui
444 861 507 901 anno
528 849 664 903 latacen
682 844 778 916 reliquis
789 845 941 915 panegyricis
955 844 1006 898 Plin

65 931 153 1000 edidit,
174 932 304 1003 supplevit.
349 935 422 1002 atque
448 930 515 985 bunc
533 928 722 999 Cmpinianum‚
750 935 877 998 propterea
897 927 962 997 quod
984 928 1006 982 tii

63 1021 132 1085 patro
152 1021 249 1070 moroso
268 1013 368 1070 editioni
389 1013 508 1084 praefuit,
528 1018 652 1083 parentem
674 1013 779 1082 integras
801 1012 896 1066 chamas
917 1012 942 1065 in
963 1018 1004 1066 vet

63 1099 114 1153 suis
125 1097 302 1168 exemplaribus
311 1097 431 1153 iuvenisse
441 1104 467 1153 et
477 1096 611 1152 restituisse
622 1095 739 1160 adfirmat,
753 1096 858 1151 erodice
872 1095 951 1166 aliquo
963 1112 1006 1166 sup

64 1181 178 1252 petivisse
198 1180 270 1235 multi
290 1180 502 1245 existimavemnt3
523 1179 623 1251 eiusque
640 1180 674 1234 rei
685 1179 857 1235 documentum
869 1180 1006 1234 essevoluc

64 1264 186 1335 incapite
207 1264 407 1337 quinquagesimo
429 1265 513 1337 quinto
536 1263 707 1334 percommode
728 1263 828 1319 inseruit
854 1262 997 1333 ‘praeterea

64 1363 112 1420 que
132 1348 212 1403 factm
243 1354 280 1403 est
304 1349 429 1420 princeps,
460 1348 581 1418 extemplo
606 1346 670 1402 tama
692 1349 755 1412 eius,
784 1348 902 1402 incertum
922 1346 986 1402 bona

64 1437 173 1487 oetemm
194 1437 291 1488 aetema
312 1433 378 1489 est’.
411 1440 436 1488 at
450 1448 508 1489 vero
524 1447 580 1487 oum
597 1431 688 1503 reliqua
705 1433 784 1486 omnia
796 1446 857 1503 quae
869 1431 1006 1500 cuspiniani

64 1516 98 1571 ita
122 1522 260 1587 comparata
280 1516 330 1571 sint
352 1523 381 1572 ut
406 1517 494 1588 partim
519 1515 659 1571 coniectura
675 1514 744 1569 incide
766 1516 866 1570 inveniri
888 1516 1006 1584 potuerint

64 1614 114 1654 non
124 1614 178 1654 esse
194 1598 289 1654 olibris
305 1600 415 1670 proiecta
431 1606 557 1670 appareat,
579 1599 620 1653 illa
636 1613 731 1670 quoque
741 1599 816 1668 ipsius
827 1600 925 1671 ingenio
937 1598 1006 1653 deber

65 1682 96 1737 de
110 1696 183 1737 causa
201 1697 251 1737 non
272 1683 408 1748 codicibus,
431 1697 492 1755 qrros
513 1682 602 1738 nostris
628 1682 740 1738 meliores
760 1698 809 1738 non
824 1683 922 1747 habuit,
944 1682 1006 1737 illun

65 1764 153 1831 fuisse,
172 1765 216 1821 sed
236 1764 373 1821 consona
387 1781 439 1822 rem
458 1767 539 1840 egisse
552 1766 698 1822 eredendum
714 1773 759 1821 est.
797 1783 844 1838 quo
862 1768 954 1820 sactum
965 1775 1003 1820 est

64 1855 161 1920 praeter
181 1848 351 1904 necessitatem
371 1850 485 1919 inferret,
513 1851 559 1906 alia
579 1865 628 1906 non
649 1849 802 1906 incommode
822 1851 977 1914 restitueret,
1002 1851 1006 1904 i

64 1947 122 1987 uera
142 1933 260 1990 sententia
282 1933 410 1990 aberraret.
452 1949 513 2006 quae
539 1933 625 1989 deinde
652 1933 782 1989 maximam
806 1942 898 2004 partem
925 1949 939 1987 a
959 1949 1006 2004 pos

66 2015 198 2072 editoribus
207 2017 310 2088 repetita
327 2024 391 2074 sunt.
414 2033 445 2073 en
460 2017 498 2073 his
510 2019 586 2091 igitur
595 2017 768 2087 supplementis
780 2034 807 2074 ea
818 2033 879 2090 quae
889 2019 977 2073 iustam
988 2034 1006 2072 si

65 2099 183 2156 referrent
205 2101 308 2168 retinui,
327 2102 447 2160 inclinatis
458 2109 547 2158 {tamen
563 2101 650 2158 litteris
667 2108 790 2175 tamquam
809 2103 883 2157 aliena
899 2102 1006 2169 notata(

66 2183 157 2240 ratione
168 2185 385 2259 ctiaminreliquis
394 2201 454 2242 usus
464 2189 554 2255 sum);
574 2201 602 2240 ea
624 2191 705 2240 autem
726 2201 788 2258 qnae
809 2186 872 2240 male
894 2186 1006 2240 addidere

65 2266 86 2321 si
97 2283 144 2338 qua
157 2275 221 2334 erat,
243 2268 346 2325 indicata
355 2268 458 2325 resecui.
502 2269 604 2341 denique
613 2269 640 2324 si
651 2284 712 2340 quae
723 2270 747 2324 in
759 2270 881 2325 codicibus
891 2270 980 2339 scripta
992 2285 1006 2323 e

66 2349 391 2418 delendaomeriderentur‚
413 2368 491 2410 uncos
502 2352 644 2425 quadratos,
666 2354 730 2424 quod
746 2369 829 2409 eomm
847 2369 908 2426 quae
919 2368 991 2424 prave

67 2432 149 2490 addita
162 2441 244 2492 essent
253 2436 353 2508 signum
369 2436 511 2505 moscini,
533 2437 636 2493 admovi.
668 2436 699 2492 de
718 2438 747 2493 iis
764 2453 826 2510 quae
839 2445 962 2508 praeterea
973 2452 1006 2491 mr

66 2522 95 2572 ut
105 2525 227 2575 constaret
237 2519 317 2576 indice
326 2519 388 2576 inira
397 2521 488 2591 scripto
505 2522 593 2578 curari.
