2400 3840
227 223 647 290 selenomantiae-es.
663 227 990 306 [1⁷.-1e.s9.-oe.]
1045 227 1109 290 aas

106 376 202 436 leotus
220 376 345 437 eohortis
365 377 561 456 plenissimum
581 378 771 439 testimonium
791 381 925 442 meruerit
940 379 1004 441 Iulii
1019 379 1108 441 Fero-

108 461 150 520 ois
171 469 201 520 et
222 458 309 522 Fusci
329 460 512 539 Salinatoris,
535 461 753 522 clarissimorum
766 464 899 523 virorum.
931 463 1025 526 Meum
1040 482 1108 543 gau·

107 543 183 602 dium
197 561 345 622 meamque
359 544 577 622 gratulationem
591 545 639 606 lilii
653 545 763 607 bonore
782 547 945 611 continebo.

81 721 98 773 e
397 677 575 738 nxxxvrn.
599 647 814 758 [numium]

325 775 352 828 G.
369 776 495 829 PLINIUS
512 777 656 829 TRAIANO
673 778 883 830 IMPERATORI.

169 875 256 955 Opto,
272 875 401 956 domine,
417 889 446 939 et
459 878 536 941 buno
551 878 671 940 natalem
687 888 716 941 et
731 879 867 959 plurimos
881 878 953 941 alios
967 898 1049 960 quam
1064 880 1106 940 ie-

106 958 259 1021 lioissimos
279 979 348 1039 agas
368 970 540 1042 aeternaque
561 962 644 1025 laude
666 962 814 1024 florentem
833 964 944 1025 virtutIs
963 973 1029 1026 tuae
1043 964 1106 1042 glo-

106 1044 175 1104 riam
191 1045 295 1122 [quam]
307 1045 456 1106 incolumis
471 1056 501 1108 et
512 1047 593 1107 lortis
605 1045 666 1108 sliIs
677 1064 765 1126 snper
775 1047 831 1109 alia
843 1049 978 1129 oporibus
990 1067 1106 1126 augeas.

65 1134 98 1186 ¹⁰
465 1178 659 1243 nxxxvrrn.
673 1178 757 1261 [xo]

440 1280 604 1332 TRAIANUS
619 1279 724 1332 PLINIO
740 1280 767 1331 S.

169 1380 306 1458 Agnosoo
325 1391 391 1442 vota
411 1391 472 1460 tua,
494 1385 532 1442 mi
552 1383 685 1444 Seounde
702 1384 864 1459 carissime,
887 1381 991 1460 quibus
1005 1399 1106 1462 preoa·

105 1463 145 1525 ris
161 1473 191 1524 ut
212 1464 349 1542 plurimos
365 1474 395 1526 et
408 1465 591 1528 ielioissimos
607 1465 715 1528 natales
731 1465 851 1527 florente
867 1473 942 1525 statu
955 1466 998 1525 rei
1014 1463 1106 1544 publi·

64 1555 97 1607 15
107 1565 158 1608 oae
173 1557 286 1609 nostrae
302 1566 392 1627 agam.

513 1681 574 1745 xo.
596 1682 694 1763 [xor]

332 1781 357 1831 G.
375 1781 498 1833 PLINIUS
514 1782 660 1834 TRAIANO
675 1779 885 1831 IMPERATORI.

169 1880 367 1961 Sinopenses,
393 1882 522 1961 domine,
550 1902 622 1963 aqua
644 1883 825 1950 deficiuntun
850 1899 922 1960 quae
942 1881 1056 1941 videtur
1075 1888 1129 1946 etl

62 1963 180 2030 aobona
193 1974 222 2022 et
245 1967 364 2043 eopiosa
378 1966 413 2026 ab
428 1975 512 2027 sexto
528 1967 640 2027 decimo
654 1967 773 2027 miliario
786 1982 876 2045 posse
890 1963 1020 2043 perduoi.
1051 1961 1105 2023 Ilst

105 2054 198 2105 tamen
214 2049 307 2107 statim
321 2049 356 2108 ab
372 2051 465 2128 eapite
485 2050 571 2129 paulo
585 2050 705 2129 amplius
723 2049 807 2109 mille
815 2047 946 2125 passibus
960 2046 1043 2106 loous
1057 2063 1105 2105 su·

104 2136 224 2207 spectus
239 2140 268 2191 et
281 2130 394 2209 mollis,
416 2150 502 2212 quem
519 2151 577 2212 ego
595 2135 707 2194 interim
721 2131 863 2212 explorari
878 2129 991 2190 modico
1005 2131 1104 2208 inpen-

105 2212 152 2272 dio
174 2213 262 2291 iussi,
283 2232 319 2275 an
335 2217 468 2295 recipere
489 2227 519 2277 et
538 2219 680 2279 sustiuere
695 2233 768 2295 opus
786 2217 887 2295 possit.
917 2213 1041 2275 Paenula
1056 2221 1131 2274 out

105 2296 230 2356 rantibus
244 2298 327 2358 nobis
343 2309 488 2361 oontraota
501 2318 558 2361 non
573 2301 681 2377 deerit,
698 2302 722 2360 si
734 2309 781 2377 tn,
797 2297 926 2377 domine,
942 2298 998 2358 hoo
1012 2313 1104 2375 genus

61 2386 95 2438 25
107 2381 204 2456 operis
228 2391 258 2442 et
279 2381 436 2446 salubritati
456 2393 486 2446 et
505 2385 666 2446 amoenitati
686 2382 770 2443 valde
785 2384 905 2444 sitientis
921 2380 1051 2444 ooloniae
1065 2381 1106 2439 in·

105 2461 237 2526 dulserIs.

500 2550 578 2612 xor.
601 2549 713 2630 [noun

436 2650 602 2702 TRAIANUS
623 2649 727 2701 PLINIO
743 2648 770 2703 S.

167 2746 205 2806 Ut
221 2750 360 2828 coepisti,
377 2750 510 2812 Secunde
526 2754 689 2828 uerissime,
714 2750 833 2827 explora
846 2748 998 2826 diligenter
1011 2766 1047 2807 an
1063 2747 1106 2807 lo·

61 2848 156 2901 pocus
172 2829 223 2890 ille
239 2849 324 2909 quem
340 2842 506 2912 suspectum
524 2833 614 2894 habes
634 2835 778 2895 sustinere
799 2850 872 2911 opus
898 2831 1105 2911 aquaeductus

105 2916 205 2992 possit.
237 2912 341 2994 Neque
358 2917 432 2976 enlm
452 2916 634 2979 dubitandum
656 2926 724 2994 puto
745 2917 811 2996 quin
830 2934 902 2994 aqna
922 2913 1106 2993 perducenda

104 3000 140 3058 sit
154 2999 182 3057 in
197 2997 337 3058 ooloniam
357 2999 563 3079 Sinopensem,
585 3001 609 3061 si
628 2999 712 3060 modo
736 3009 766 3061 et
784 2999 891 3060 viribus
913 2999 973 3060 suis
986 2997 1106 3076 adsequi

104 3089 220 3161 potest,
242 3080 469 3161 cumplurimum
489 3100 524 3144 ea
543 3103 591 3145 res
614 3093 643 3144 et
663 3082 819 3145 salubritati
839 3092 869 3144 et
889 3079 1028 3160 voluptati
1042 3083 1106 3143 eius

105 3164 249 3227 conlatura
266 3166 314 3226 sit.

61 3268 96 3321 as
482 3264 572 3326 xon.
598 3262 726 3343 [xoris]

328 3362 355 3413 G.
372 3361 498 3415 PLINIUS
516 3364 661 3415 TRAIANO
676 3362 885 3419 IMPERATORI.

165 3464 363 3528 Amisenorum
376 3466 474 3528 civitas
487 3465 580 3527 libera
593 3475 624 3529 et
638 3464 793 3528 loelerata
800 3464 956 3524 benebslm
965 3460 1130 3525 mumm-
