2400 3840
409 213 673 277 bladalaicus
688 226 713 280 6.
727 215 752 280 7.
765 226 791 280 8.
1043 219 1106 281 243

99 365 238 428 solebant.
260 365 303 426 lta
319 366 393 426 illius
409 384 443 426 ac
459 384 562 445 parens
576 385 631 426 uno
648 366 809 446 eodemque
823 378 965 429 momento
979 387 1040 431 rem
1047 388 1105 431 ma·

98 453 199 510 xirnam
219 451 342 510 invicem
364 452 561 529 praestitistis:
586 450 637 510 ille
658 451 710 510 tibi
733 452 880 530 imperium
897 452 991 531 dedit,
1017 463 1047 512 tu
1063 453 1105 513 illi

99 533 256 595 reddidisti.
292 532 379 596 Solus
394 552 465 612 ergo
480 534 515 594 ad
528 533 585 595 boc
600 536 663 594 aevi
680 551 731 612 pro
745 552 863 595 munere
879 545 954 596 tanto
968 538 1044 615 paria
1058 555 1104 598 ac·

100 616 234 697 cipiendo
257 616 368 693 iecisti,
395 619 478 678 immo
496 618 571 678 ultro
594 618 704 679 dantem
723 618 873 696 obligasti:
899 622 1104 683 communicato

73 705 174 762 tanim
189 703 308 781 imperio
329 701 482 763 sollicitior
501 711 548 779 tu,
573 702 624 762 ille
645 704 775 763 securior
796 703 889 763 factus
909 712 964 762 cst.
1008 703 1032 763 0
1053 705 1135 769 no·7

93 805 164 854 ,vum
177 795 263 864 atque
277 787 431 846 inauditum
443 786 480 846 ad
495 788 683 865 principatum
699 785 768 847 iteri
797 784 862 846 Non
877 795 905 846 tc
921 789 1038 865 propria
1053 805 1103 847 cu-

99 869 219 949 piditas,
246 871 379 948 proprius
400 878 511 947 metus,
538 870 591 931 sed
611 869 703 931 aliena
728 870 853 948 utilitas,
884 869 995 930 alienus
1021 872 1104 932 timor

99 956 255 1032 principem
268 954 348 1013 iecit.
370 954 498 1015 videaris
511 953 581 1015 licet
595 955 671 1034 quod
689 964 733 1016 est
748 953 950 1033 amplissimum
965 971 1104 1015 consecu-

98 1047 143 1098 tus
158 1041 231 1098 inter
243 1037 390 1116 homines,
406 1037 520 1099 ielicius
536 1047 628 1099 tamen
639 1048 699 1099 erat
709 1037 780 1098 illud
791 1038 867 1118 quod
879 1038 1035 1117 reliquisti:
1050 1039 1104 1099 sub

60 1135 91 1186 10
100 1123 174 1182 bono
191 1121 321 1200 principe
337 1124 462 1201 privatus
480 1141 547 1183 esse
562 1122 673 1184 desisti.
694 1122 869 1200 Adsumptus
886 1141 919 1183 es
935 1124 964 1181 in
977 1121 1105 1182 laborum

100 1223 285 1282 curarumque
297 1208 481 1285 consortium,
496 1225 551 1267 nec
562 1216 590 1267 te
602 1225 742 1286 prospera
753 1216 782 1268 et
796 1206 870 1268 laeta
882 1207 1009 1267 stationis
1024 1207 1105 1268 istius

99 1289 151 1349 sed
166 1307 267 1366 aspera
283 1298 313 1349 et
330 1288 398 1349 dura
414 1291 449 1349 ad
465 1289 669 1368 capessendam
683 1308 745 1351 eam
757 1288 960 1368 conpulerunt:
975 1292 1105 1367 suscepi·

100 1374 137 1435 sti
153 1373 317 1450 imperium,
340 1380 490 1450 postquam
504 1373 588 1433 alium
604 1376 734 1452 suscepti
749 1374 922 1451 paenitebat.
958 1371 1043 1433 Nulla
1057 1373 1105 1433 ad·

100 1456 190 1534 optati
205 1473 268 1514 cum
284 1473 320 1515 eo
335 1458 383 1535 qui
398 1456 550 1536 adoptabat
565 1459 714 1534 cognatio,
742 1457 818 1516 nulla
841 1456 1027 1516 necessitudo
1050 1457 1105 1517 nisi

59 1552 90 1604 15
100 1539 177 1620 quod
189 1547 308 1618 uterque
321 1541 443 1618 optimus
458 1549 534 1617 erat,
550 1539 711 1619 dignusque
722 1539 795 1601 alter
805 1539 885 1617 eligi,
901 1538 973 1599 alter
984 1539 1104 1617 eligere.

98 1625 198 1702 ltaque
210 1624 359 1702 adoptatus
373 1642 422 1702 es,
439 1642 513 1702 non,
528 1634 558 1684 nt
571 1625 650 1703 prius
663 1624 735 1684 alius
748 1634 833 1704 atque
846 1623 935 1703 alius,
948 1625 976 1683 in
989 1625 1106 1702 gratiam

99 1710 205 1768 uxoris.
219 1706 347 1769 Adscinit
358 1709 433 1775 enim
445 1716 474 1770 to
484 1708 569 1769 lilium
578 1726 635 1769 non
643 1710 760 1770 vitricus
770 1708 822 1768 sed
831 1709 977 1788 princeps,
989 1708 1104 1769 eodem·

99 1812 155 1872 qne
172 1794 264 1853 animo
279 1792 360 1853 divus
374 1791 468 1853 Nerva
485 1803 567 1872 pater
581 1802 646 1855 tuus
660 1792 753 1854 iactus
771 1801 818 1855 est
828 1810 884 1872 quo
897 1801 957 1853 erat
972 1793 1103 1853 omniurn.

99 1876 162 1936 Nec
174 1877 259 1937 decet
270 1875 352 1937 aliter
363 1876 450 1937 lilium
457 1877 565 1938 adsumi
574 1924 583 1956 ,
601 1879 626 1939 si
636 1875 797 1938 adsumatur
808 1895 825 1936 a
837 1878 976 1955 principe.
999 1875 1042 1936 An
1058 1894 1105 1936 se·

57 1964 194 2021 lunatum
214 1959 408 2039 populumque
422 1960 595 2039 Romanum,
617 1962 777 2039 exercitus,
804 1961 983 2038 provincias,
1006 1960 1104 2020 socios

100 2045 314 2103 transmissurus
323 2046 381 2121 uni,
395 2062 597 2107 successorem
608 2063 625 2105 e
637 2046 699 2105 sinu
711 2045 808 2104 uxoris
817 2044 955 2123 accipias,
966 2061 1105 2104 summae·

99 2145 155 2206 que
171 2128 323 2206 potestatis
334 2126 471 2189 heredem
482 2138 588 2189 tantum
600 2131 672 2187 intra
684 2128 796 2188 domum
806 2137 881 2188 tuam
892 2122 1034 2206 quaeras?
1049 2143 1105 2186 non
1180 2157 1182 2162 ·

99 2221 187 2272 totam
198 2228 252 2290 per
263 2213 405 2272 civitatem
420 2211 603 2272 circumferas
617 2211 729 2288 oculos,
744 2221 774 2272 et
785 2211 860 2270 bunc
872 2212 923 2271 tibi
935 2212 1104 2290 proximum,

100 2296 174 2355 bunc
190 2296 451 2356 coniunctissimum
466 2298 711 2375 existimesquem
724 2297 876 2373 optimum,
894 2312 979 2374 quem
995 2294 1049 2355 diis
1067 2294 1104 2354 si·

57 2389 90 2442 25
100 2380 244 2441 millimum
257 2377 422 2441 inveneris?
444 2380 634 2460 Impereturus
649 2382 777 2441 omnibus
790 2378 858 2458 eligi
871 2379 958 2440 debet
969 2397 1007 2438 ex
1017 2379 1105 2438 omni·
1121 2416 1124 2421 -

99 2466 163 2526 bus.
183 2463 248 2525 Non
263 2467 336 2525 enirn
352 2464 475 2525 servulis
491 2466 546 2526 tuis
563 2464 722 2542 dominum,
745 2473 775 2524 ut
791 2465 887 2542 possis
903 2481 970 2523 csse
987 2472 1127 2523 conten-⁴

100 2559 145 2610 tus
162 2550 242 2628 quasi
257 2550 422 2610 necessario
437 2548 561 2627 herede,
578 2548 631 2609 sed
647 2551 806 2626 principem
821 2548 931 2608 civibus
942 2545 1057 2609 daturus
1072 2564 1105 2606 es

100 2635 262 2711 imperator.
286 2634 444 2711 Superbum
458 2633 535 2694 istud
551 2642 580 2693 et
595 2634 716 2711 regium,
732 2633 786 2691 nisi
801 2631 923 2709 adoptes
939 2647 1004 2689 enm
1021 2647 1106 2708 quem

102 2725 214 2777 constet
224 2719 423 2795 imperaturum
435 2717 543 2793 fuisse,
559 2719 667 2778 etiamsi
681 2733 738 2775 non
752 2716 931 2794 adoptasses.
954 2713 1036 2773 Fecit
1050 2712 1106 2771 hoc

58 2798 214 2875 30Nerva,
235 2798 302 2859 nibil
320 2802 460 2860 interesse
474 2801 623 2860 arbitratus
637 2801 772 2877 genueris
787 2815 822 2857 an
838 2797 981 2874 elegeris,
999 2795 1023 2853 si
1040 2812 1105 2873 per-

101 2883 166 2942 inde
187 2884 247 2942 sine
269 2882 373 2941 iudicio
388 2878 558 2961 adoptentur
571 2881 654 2942 liberi
668 2899 702 2940 ac
717 2887 884 2948 nascuntur:
906 2880 959 2938 nisi
975 2877 1052 2957 quod
1064 2886 1105 2938 ta·

101 2984 164 3025 men
179 2966 313 3044 aequiore
329 2966 420 3025 auimo
443 2964 536 3024 ierunt
551 2964 678 3024 homines
695 2980 780 3043 quem
794 2965 932 3040 princeps
948 2980 1046 3040 parum
1061 2961 1105 3022 ie-

100 3050 197 3109 liciter
217 3050 315 3126 genuit
337 3067 419 3127 quarn
441 3066 525 3127 quem
545 3046 618 3108 male
639 3047 738 3125 elegit.
783 3045 891 3108 Sedulo
916 3064 986 3124 ergo
1008 3048 1106 3107 viterb
1125 3047 1144 3109 8

102 3134 176 3193 hunc
192 3149 304 3209 casum,
331 3150 385 3192 nec
399 3133 502 3193 iudicia
515 3132 657 3192 bominum
678 3132 731 3192 sed
752 3130 869 3191 deorum
891 3130 975 3191 etiam
992 3131 1020 3190 in
1038 3149 1103 3191 con-

61 3217 198 3282 basilium
219 3215 385 3294 adsumpsit.
423 3215 522 3295 ltaque
542 3219 582 3275 tui
602 3233 658 3275 non
679 3218 707 3275 in
723 3212 857 3275 cubiculo
872 3213 925 3276 sed
941 3216 968 3274 in
983 3213 1114 3293 templo,-

102 3319 158 3361 nec
173 3309 237 3362 ante
251 3299 392 3377 genialem
406 3309 496 3360 torum
511 3300 563 3361 sed
577 3309 642 3360 ante
657 3299 785 3376 pulvinar
795 3296 872 3359 lonis
885 3300 982 3376 optimi
994 3297 1106 3355 maximi

103 3384 218 3463 adoptio
233 3393 350 3463 peracta
365 3392 424 3453 est;
440 3402 493 3463 qua
507 3384 619 3444 tandem
632 3400 690 3442 non
703 3384 826 3443 servitus
841 3392 938 3443 nostra
954 3379 1006 3441 sed
1019 3379 1104 3439 liber·

103 3478 146 3528 tas
161 3477 190 3528 et
200 3467 276 3529 salus
290 3477 319 3528 et
331 3468 469 3529 securitas
482 3468 656 3531 fundabatur.
683 3465 744 3527 Sibi
760 3467 834 3526 enim
847 3465 967 3611 plGopiam
980 3462 1056 3523 illam
1068 3460 1106 3522 dii
