<?xml version="1.0" encoding="UTF-8"?>
<!DOCTYPE html PUBLIC "-//W3C//DTD XHTML 1.0 Transitional//EN"
    "http://www.w3.org/TR/xhtml1/DTD/xhtml1-transitional.dtd">
<html xmlns="http://www.w3.org/1999/xhtml" xml:lang="en" lang="en">
 <head>
  <title>
</title>
<meta http-equiv="Content-Type" content="text/html;charset=utf-8" />
  <meta name='ocr-system' content='tesseract 3.04.00' />
  <meta name='ocr-capabilities' content='ocr_page ocr_carea ocr_par ocr_line ocrx_word'/>
</head>
<body>
  <div class='ocr_page' id='page_1' title='image "./cplinicaecilise01plingoog_0092.png"; bbox 0 0 2400 3848; ppageno 0'>
   <div class='ocr_carea' id='block_1_1' title="bbox 709 126 729 155">
    <p class='ocr_par' dir='ltr' id='par_1_1' title="bbox 709 126 729 155">
     <span class='ocr_line' id='line_1_1' title="bbox 709 126 729 155; baseline 0 -2"><span class='ocrx_word' id='word_1_1' title='bbox 709 126 729 155; x_wconf 66' lang='grc' dir='ltr'><strong><em>Δ</em></strong></span> 
     </span>
    </p>
   </div>
   <div class='ocr_carea' id='block_1_2' title="bbox 276 203 1009 283">
    <p class='ocr_par' dir='ltr' id='par_1_2' title="bbox 276 203 1009 283">
     <span class='ocr_line' id='line_1_2' title="bbox 276 203 1009 283; baseline 0.007 -20"><span class='ocrx_word' id='word_1_2' title='bbox 276 203 539 283; x_wconf 81' lang='lat' dir='ltr'><strong>uersuumnun</strong></span> <span class='ocrx_word' id='word_1_3' title='bbox 553 203 604 266; x_wconf 88' lang='lat'>111.</span> <span class='ocrx_word' id='word_1_4' title='bbox 625 213 669 269; x_wconf 83' lang='grc' dir='ltr'><strong>ιο.</strong></span> <span class='ocrx_word' id='word_1_5' title='bbox 685 215 729 268; x_wconf 85' lang='lat' dir='ltr'><strong>n.</strong></span> <span class='ocrx_word' id='word_1_6' title='bbox 966 203 1009 268; x_wconf 82' lang='lat' dir='ltr'><strong>os</strong></span> 
     </span>
    </p>
   </div>
   <div class='ocr_carea' id='block_1_3' title="bbox 43 356 1051 856">
    <p class='ocr_par' dir='ltr' id='par_1_3' title="bbox 43 356 1051 856">
     <span class='ocr_line' id='line_1_3' title="bbox 43 356 1005 437; baseline -0.002 -19"><span class='ocrx_word' id='word_1_7' title='bbox 43 357 109 436; x_wconf 93' lang='lat' dir='ltr'><strong>quid</strong></span> <span class='ocrx_word' id='word_1_8' title='bbox 122 375 179 418; x_wconf 92' lang='lat' dir='ltr'><strong>non</strong></span> <span class='ocrx_word' id='word_1_9' title='bbox 199 357 303 418; x_wconf 84' lang='lat' dir='ltr'>humile</span> <span class='ocrx_word' id='word_1_10' title='bbox 323 375 379 418; x_wconf 91' lang='lat' dir='ltr'><strong>uec</strong></span> <span class='ocrx_word' id='word_1_11' title='bbox 400 358 543 419; x_wconf 91' lang='lat' dir='ltr'><strong>sordidum</strong></span> <span class='ocrx_word' id='word_1_12' title='bbox 557 376 612 418; x_wconf 89' lang='lat' dir='ltr'><strong>neo</strong></span> <span class='ocrx_word' id='word_1_13' title='bbox 626 358 742 437; x_wconf 83' lang='lat' dir='ltr'><strong>priuatis</strong></span> <span class='ocrx_word' id='word_1_14' title='bbox 757 356 844 418; x_wconf 89' lang='lat' dir='ltr'><strong>rebus</strong></span> <span class='ocrx_word' id='word_1_15' title='bbox 857 356 1005 418; x_wconf 88' lang='lat' dir='ltr'><strong>inclusum.</strong></span> 
     </span>
     <span class='ocr_line' id='line_1_4' title="bbox 45 441 1051 521; baseline 0.004 -20"><span class='ocrx_word' id='word_1_16' title='bbox 45 451 75 501; x_wconf 92' lang='lat' dir='ltr'><strong>nt</strong></span> <span class='ocrx_word' id='word_1_17' title='bbox 89 441 202 520; x_wconf 89' lang='lat' dir='ltr'><strong>quidem</strong></span> <span class='ocrx_word' id='word_1_18' title='bbox 222 451 324 502; x_wconf 89' lang='lat' dir='ltr'><strong>cuncta</strong></span> <span class='ocrx_word' id='word_1_19' title='bbox 338 442 392 503; x_wconf 92' lang='lat' dir='ltr'><strong>sub</strong></span> <span class='ocrx_word' id='word_1_20' title='bbox 406 445 488 502; x_wconf 90' lang='lat' dir='ltr'><strong>unius</strong></span> <span class='ocrx_word' id='word_1_21' title='bbox 504 442 635 519; x_wconf 86' lang='lat' dir='ltr'><strong>arbitrio,</strong></span> <span class='ocrx_word' id='word_1_22' title='bbox 659 442 706 520; x_wconf 94' lang='lat' dir='ltr'><strong>qui</strong></span> <span class='ocrx_word' id='word_1_23' title='bbox 725 456 778 521; x_wconf 93' lang='lat' dir='ltr'><strong>pro</strong></span> <span class='ocrx_word' id='word_1_24' title='bbox 793 441 912 502; x_wconf 87' lang='lat' dir='ltr'><strong>utilitate</strong></span> <span class='ocrx_word' id='word_1_25' title='bbox 929 459 1005 502; x_wconf 91' lang='lat' dir='ltr'><strong>com·</strong></span> <span class='ocrx_word' id='word_1_26' title='bbox 1017 453 1051 505; x_wconf 74' lang='lat' dir='ltr'><strong>lt</strong></span> 
     </span>
     <span class='ocr_line' id='line_1_5' title="bbox 43 525 1006 604; baseline 0.001 -20"><span class='ocrx_word' id='word_1_27' title='bbox 43 529 78 585; x_wconf 86' lang='lat' dir='ltr'><strong>uni</strong></span> <span class='ocrx_word' id='word_1_28' title='bbox 94 525 174 586; x_wconf 90' lang='lat' dir='ltr'><strong>solus</strong></span> <span class='ocrx_word' id='word_1_29' title='bbox 197 527 320 585; x_wconf 88' lang='lat' dir='ltr'><strong>omnium</strong></span> <span class='ocrx_word' id='word_1_30' title='bbox 335 540 417 585; x_wconf 89' lang='lat' dir='ltr'><strong>curas</strong></span> <span class='ocrx_word' id='word_1_31' title='bbox 431 525 605 603; x_wconf 83' lang='lat' dir='ltr'>laboresque</span> <span class='ocrx_word' id='word_1_32' title='bbox 620 528 764 604; x_wconf 90' lang='lat' dir='ltr'><strong>suscepit;</strong></span> <span class='ocrx_word' id='word_1_33' title='bbox 787 525 898 603; x_wconf 88' lang='lat' dir='ltr'><strong>quidam</strong></span> <span class='ocrx_word' id='word_1_34' title='bbox 913 536 1006 587; x_wconf 88' lang='lat' dir='ltr'><strong>tamen</strong></span> 
     </span>
     <span class='ocr_line' id='line_1_6' title="bbox 43 608 1007 688; baseline 0.001 -20"><span class='ocrx_word' id='word_1_35' title='bbox 43 611 108 670; x_wconf 81' lang='lat' dir='ltr'><strong>‚ubri</strong></span> <span class='ocrx_word' id='word_1_36' title='bbox 130 618 354 688; x_wconf 88' lang='lat' dir='ltr'><strong>temperamento</strong></span> <span class='ocrx_word' id='word_1_37' title='bbox 375 611 410 670; x_wconf 92' lang='lat' dir='ltr'><strong>ad</strong></span> <span class='ocrx_word' id='word_1_38' title='bbox 429 627 482 670; x_wconf 90' lang='lat' dir='ltr'><strong>nos</strong></span> <span class='ocrx_word' id='word_1_39' title='bbox 504 626 619 688; x_wconf 92' lang='lat' dir='ltr'><strong>quoque</strong></span> <span class='ocrx_word' id='word_1_40' title='bbox 640 608 719 668; x_wconf 87' lang='lat' dir='ltr'><strong>velut</strong></span> <span class='ocrx_word' id='word_1_41' title='bbox 738 610 791 668; x_wconf 87' lang='lat' dir='ltr'><strong>rivi</strong></span> <span class='ocrx_word' id='word_1_42' title='bbox 812 627 849 669; x_wconf 88' lang='lat' dir='ltr'><strong>ex</strong></span> <span class='ocrx_word' id='word_1_43' title='bbox 863 608 913 668; x_wconf 94' lang='lat' dir='ltr'><strong>illo</strong></span> <span class='ocrx_word' id='word_1_44' title='bbox 928 610 1007 669; x_wconf 86' lang='lat' dir='ltr'><strong>beni·</strong></span> 
     </span>
     <span class='ocr_line' id='line_1_7' title="bbox 43 692 1008 772; baseline 0.001 -20"><span class='ocrx_word' id='word_1_45' title='bbox 43 695 139 755; x_wconf 87' lang='lat' dir='ltr'><strong>issimo</strong></span> <span class='ocrx_word' id='word_1_46' title='bbox 161 692 240 754; x_wconf 88' lang='lat' dir='ltr'><strong>ionte</strong></span> <span class='ocrx_word' id='word_1_47' title='bbox 261 694 430 772; x_wconf 83' lang='lat' dir='ltr'><strong>decurrunt,</strong></span> <span class='ocrx_word' id='word_1_48' title='bbox 452 710 524 772; x_wconf 93' lang='lat' dir='ltr'><strong>quos</strong></span> <span class='ocrx_word' id='word_1_49' title='bbox 546 702 575 753; x_wconf 90' lang='lat' dir='ltr'><strong>et</strong></span> <span class='ocrx_word' id='word_1_50' title='bbox 598 693 709 752; x_wconf 90' lang='lat' dir='ltr'><strong>haurire</strong></span> <span class='ocrx_word' id='word_1_51' title='bbox 729 693 786 771; x_wconf 92' lang='lat' dir='ltr'><strong>ipsi</strong></span> <span class='ocrx_word' id='word_1_52' title='bbox 800 702 828 752; x_wconf 89' lang='lat' dir='ltr'><strong>et</strong></span> <span class='ocrx_word' id='word_1_53' title='bbox 843 693 1008 754; x_wconf 77' lang='lat' dir='ltr'><strong>absentibus</strong></span> 
     </span>
     <span class='ocr_line' id='line_1_8' title="bbox 43 774 799 856; baseline -0.003 -20"><span class='ocrx_word' id='word_1_54' title='bbox 43 779 99 838; x_wconf 87' lang='lat' dir='ltr'><strong>icis</strong></span> <span class='ocrx_word' id='word_1_55' title='bbox 115 779 195 856; x_wconf 88' lang='lat' dir='ltr'><strong>quasi</strong></span> <span class='ocrx_word' id='word_1_56' title='bbox 209 779 366 839; x_wconf 89' lang='lat' dir='ltr'><strong>ministrare</strong></span> <span class='ocrx_word' id='word_1_57' title='bbox 381 777 513 856; x_wconf 78' lang='lat' dir='ltr'><strong>epistulis</strong></span> <span class='ocrx_word' id='word_1_58' title='bbox 528 794 689 856; x_wconf 89' lang='lat' dir='ltr'><strong>possumus.</strong></span> <span class='ocrx_word' id='word_1_59' title='bbox 718 774 799 835; x_wconf 86' lang='lat' dir='ltr'><strong>Vale.</strong></span> 
     </span>
    </p>
   </div>
   <div class='ocr_carea' id='block_1_4' title="bbox 197 909 805 1062">
    <p class='ocr_par' dir='ltr' id='par_1_4' title="bbox 197 909 805 1062">
     <span class='ocr_line' id='line_1_9' title="bbox 468 909 544 971; baseline -0.026 0"><span class='ocrx_word' id='word_1_60' title='bbox 468 909 544 971; x_wconf 86' lang='lat' dir='ltr'><strong>XXI.</strong></span> 
     </span>
     <span class='ocr_line' id='line_1_10' title="bbox 197 1006 805 1062; baseline -0.002 -1"><span class='ocrx_word' id='word_1_61' title='bbox 197 1010 223 1061; x_wconf 79' lang='lat' dir='ltr'><strong>G.</strong></span> <span class='ocrx_word' id='word_1_62' title='bbox 244 1010 368 1062; x_wconf 85' lang='lat' dir='ltr'>PLINIUS</span> <span class='ocrx_word' id='word_1_63' title='bbox 389 1010 548 1062; x_wconf 78' lang='lat' dir='ltr'>CORNELIO</span> <span class='ocrx_word' id='word_1_64' title='bbox 565 1007 679 1060; x_wconf 79' lang='lat' dir='ltr'><strong>Pulsoo</strong></span> <span class='ocrx_word' id='word_1_65' title='bbox 699 1006 758 1058; x_wconf 82' lang='lat' dir='ltr'><strong>SUO</strong></span> <span class='ocrx_word' id='word_1_66' title='bbox 778 1008 805 1060; x_wconf 87' lang='lat' dir='ltr'><strong>S.</strong></span> 
     </span>
    </p>
   </div>
   <div class='ocr_carea' id='block_1_5' title="bbox 42 1108 1034 3364">
    <p class='ocr_par' dir='ltr' id='par_1_5' title="bbox 42 1108 1034 2195">
     <span class='ocr_line' id='line_1_11' title="bbox 63 1108 1032 1178; baseline -0.004 -4"><span class='ocrx_word' id='word_1_67' title='bbox 63 1113 156 1174; x_wconf 78' lang='lat' dir='ltr'><strong>Audio</strong></span> <span class='ocrx_word' id='word_1_68' title='bbox 171 1113 312 1174; x_wconf 89' lang='lat' dir='ltr'><strong>Valerium</strong></span> <span class='ocrx_word' id='word_1_69' title='bbox 326 1112 482 1174; x_wconf 72' lang='lat' dir='ltr'><strong>Martialem</strong></span> <span class='ocrx_word' id='word_1_70' title='bbox 496 1111 659 1172; x_wconf 78' lang='lat' dir='ltr'><strong>decessisse</strong></span> <span class='ocrx_word' id='word_1_71' title='bbox 672 1120 700 1171; x_wconf 89' lang='lat' dir='ltr'><strong>et</strong></span> <span class='ocrx_word' id='word_1_72' title='bbox 711 1109 832 1170; x_wconf 88' lang='lat' dir='ltr'><strong>moleste</strong></span> <span class='ocrx_word' id='word_1_73' title='bbox 845 1109 917 1171; x_wconf 89' lang='lat' dir='ltr'><strong>iero.</strong></span> <span class='ocrx_word' id='word_1_74' title='bbox 939 1108 1032 1178; x_wconf 82' lang='lat' dir='ltr'><strong>Eratl</strong></span> 
     </span>
     <span class='ocr_line' id='line_1_12' title="bbox 42 1193 1007 1275; baseline -0.003 -18"><span class='ocrx_word' id='word_1_75' title='bbox 42 1214 87 1256; x_wconf 94' lang='lat' dir='ltr'><strong>mo</strong></span> <span class='ocrx_word' id='word_1_76' title='bbox 106 1198 271 1275; x_wconf 81' lang='lat' dir='ltr'><strong>ingeniosus</strong></span> <span class='ocrx_word' id='word_1_77' title='bbox 292 1206 391 1258; x_wconf 89' lang='lat' dir='ltr'><strong>acutus</strong></span> <span class='ocrx_word' id='word_1_78' title='bbox 412 1214 498 1274; x_wconf 86' lang='lat' dir='ltr'><strong>acer,</strong></span> <span class='ocrx_word' id='word_1_79' title='bbox 522 1205 551 1255; x_wconf 88' lang='lat' dir='ltr'><strong>et</strong></span> <span class='ocrx_word' id='word_1_80' title='bbox 572 1197 620 1275; x_wconf 94' lang='lat' dir='ltr'><strong>qui</strong></span> <span class='ocrx_word' id='word_1_81' title='bbox 637 1195 785 1275; x_wconf 87' lang='lat' dir='ltr'><strong>plurimum</strong></span> <span class='ocrx_word' id='word_1_82' title='bbox 805 1197 833 1254; x_wconf 91' lang='lat' dir='ltr'><strong>in</strong></span> <span class='ocrx_word' id='word_1_83' title='bbox 854 1193 1007 1256; x_wconf 90' lang='lat' dir='ltr'><strong>scribendo</strong></span> 
     </span>
     <span class='ocr_line' id='line_1_13' title="bbox 49 1278 1033 1343; baseline 0.002 -3"><span class='ocrx_word' id='word_1_84' title='bbox 49 1279 118 1341; x_wconf 85' lang='lat' dir='ltr'><strong>salis</strong></span> <span class='ocrx_word' id='word_1_85' title='bbox 132 1280 251 1341; x_wconf 87' lang='lat' dir='ltr'><strong>baberet</strong></span> <span class='ocrx_word' id='word_1_86' title='bbox 267 1290 296 1341; x_wconf 91' lang='lat' dir='ltr'><strong>et</strong></span> <span class='ocrx_word' id='word_1_87' title='bbox 311 1280 389 1340; x_wconf 88' lang='lat' dir='ltr'><strong>iellis</strong></span> <span class='ocrx_word' id='word_1_88' title='bbox 403 1297 459 1339; x_wconf 90' lang='lat' dir='ltr'><strong>nec</strong></span> <span class='ocrx_word' id='word_1_89' title='bbox 475 1279 606 1340; x_wconf 88' lang='lat' dir='ltr'><strong>candoris</strong></span> <span class='ocrx_word' id='word_1_90' title='bbox 620 1281 720 1342; x_wconf 92' lang='lat' dir='ltr'><strong>minus.</strong></span> <span class='ocrx_word' id='word_1_91' title='bbox 742 1278 915 1343; x_wconf 85' lang='lat' dir='ltr'><strong>Prosecutus</strong></span> <span class='ocrx_word' id='word_1_92' title='bbox 931 1291 1033 1342; x_wconf 70' lang='lat' dir='ltr'><strong>emma</strong></span> 
     </span>
     <span class='ocr_line' id='line_1_14' title="bbox 43 1362 1007 1439; baseline 0 -17"><span class='ocrx_word' id='word_1_93' title='bbox 43 1365 107 1423; x_wconf 78' lang='lat' dir='ltr'><strong>utico</strong></span> <span class='ocrx_word' id='word_1_94' title='bbox 121 1362 318 1424; x_wconf 88' lang='lat' dir='ltr'><strong>secedentem:</strong></span> <span class='ocrx_word' id='word_1_95' title='bbox 331 1363 464 1423; x_wconf 81' lang='lat' dir='ltr'><strong>dederam</strong></span> <span class='ocrx_word' id='word_1_96' title='bbox 474 1363 530 1423; x_wconf 88' lang='lat' dir='ltr'><strong>hoo</strong></span> <span class='ocrx_word' id='word_1_97' title='bbox 542 1364 692 1439; x_wconf 78' lang='lat' dir='ltr'><strong>amicitiae,</strong></span> <span class='ocrx_word' id='word_1_98' title='bbox 705 1362 836 1422; x_wconf 88' lang='lat' dir='ltr'><strong>dederam</strong></span> <span class='ocrx_word' id='word_1_99' title='bbox 848 1364 931 1422; x_wconf 87' lang='lat' dir='ltr'><strong>etiarn</strong></span> <span class='ocrx_word' id='word_1_100' title='bbox 941 1381 1007 1422; x_wconf 84' lang='lat' dir='ltr'><strong>uer·</strong></span> 
     </span>
     <span class='ocr_line' id='line_1_15' title="bbox 43 1444 1033 1525; baseline 0.002 -20.01"><span class='ocrx_word' id='word_1_101' title='bbox 43 1445 103 1506; x_wconf 91' lang='lat' dir='ltr'><strong>ulis</strong></span> <span class='ocrx_word' id='word_1_102' title='bbox 124 1463 198 1524; x_wconf 93' lang='lat' dir='ltr'><strong>quos</strong></span> <span class='ocrx_word' id='word_1_103' title='bbox 213 1446 249 1505; x_wconf 95' lang='lat' dir='ltr'><strong>de</strong></span> <span class='ocrx_word' id='word_1_104' title='bbox 262 1463 308 1506; x_wconf 89' lang='lat' dir='ltr'><strong>me</strong></span> <span class='ocrx_word' id='word_1_105' title='bbox 325 1447 495 1525; x_wconf 89' lang='lat' dir='ltr'><strong>composuit.</strong></span> <span class='ocrx_word' id='word_1_106' title='bbox 524 1444 588 1505; x_wconf 84' lang='lat' dir='ltr'><strong>Fuit</strong></span> <span class='ocrx_word' id='word_1_107' title='bbox 602 1447 689 1504; x_wconf 92' lang='lat' dir='ltr'><strong>moris</strong></span> <span class='ocrx_word' id='word_1_108' title='bbox 707 1447 812 1523; x_wconf 86' lang='lat' dir='ltr'><strong>antiqui</strong></span> <span class='ocrx_word' id='word_1_109' title='bbox 827 1462 879 1505; x_wconf 88' lang='lat' dir='ltr'><strong>eos</strong></span> <span class='ocrx_word' id='word_1_110' title='bbox 896 1447 943 1523; x_wconf 90' lang='lat' dir='ltr'><strong>qui</strong></span> <span class='ocrx_word' id='word_1_111' title='bbox 958 1446 1033 1507; x_wconf 80' lang='lat' dir='ltr'><strong>ve13</strong></span> 
     </span>
     <span class='ocr_line' id='line_1_16' title="bbox 43 1528 1009 1608; baseline -0.001 -19"><span class='ocrx_word' id='word_1_112' title='bbox 43 1529 180 1608; x_wconf 76' lang='lat' dir='ltr'><strong>igulorum</strong></span> <span class='ocrx_word' id='word_1_113' title='bbox 202 1528 301 1588; x_wconf 90' lang='lat' dir='ltr'><strong>laudes</strong></span> <span class='ocrx_word' id='word_1_114' title='bbox 321 1528 369 1587; x_wconf 90' lang='lat' dir='ltr'><strong>vel</strong></span> <span class='ocrx_word' id='word_1_115' title='bbox 393 1529 503 1588; x_wconf 88' lang='lat' dir='ltr'><strong>urbium</strong></span> <span class='ocrx_word' id='word_1_116' title='bbox 524 1529 697 1606; x_wconf 88' lang='lat' dir='ltr'><strong>scripserant</strong></span> <span class='ocrx_word' id='word_1_117' title='bbox 718 1538 765 1587; x_wconf 80' lang='lat' dir='ltr'><strong>aut</strong></span> <span class='ocrx_word' id='word_1_118' title='bbox 787 1528 941 1588; x_wconf 86' lang='lat' dir='ltr'><strong>honoribus</strong></span> <span class='ocrx_word' id='word_1_119' title='bbox 962 1537 1009 1588; x_wconf 88' lang='lat' dir='ltr'><strong>aut</strong></span> 
     </span>
     <span class='ocr_line' id='line_1_17' title="bbox 45 1611 1009 1692; baseline -0.002 -20"><span class='ocrx_word' id='word_1_120' title='bbox 45 1615 127 1673; x_wconf 87' lang='lat' dir='ltr'><strong>cunia</strong></span> <span class='ocrx_word' id='word_1_121' title='bbox 150 1629 266 1682; x_wconf 90' lang='lat' dir='ltr'><strong>ornare;</strong></span> <span class='ocrx_word' id='word_1_122' title='bbox 288 1614 391 1673; x_wconf 89' lang='lat' dir='ltr'><strong>nostris</strong></span> <span class='ocrx_word' id='word_1_123' title='bbox 411 1628 483 1672; x_wconf 87' lang='lat' dir='ltr'><strong>vero</strong></span> <span class='ocrx_word' id='word_1_124' title='bbox 503 1612 679 1692; x_wconf 86' lang='lat' dir='ltr'><strong>temporibus</strong></span> <span class='ocrx_word' id='word_1_125' title='bbox 699 1621 729 1672; x_wconf 89' lang='lat' dir='ltr'><strong>ut</strong></span> <span class='ocrx_word' id='word_1_126' title='bbox 750 1611 803 1672; x_wconf 89' lang='lat' dir='ltr'><strong>alia</strong></span> <span class='ocrx_word' id='word_1_127' title='bbox 824 1614 957 1692; x_wconf 89' lang='lat' dir='ltr'><strong>speciosa</strong></span> <span class='ocrx_word' id='word_1_128' title='bbox 979 1620 1009 1671; x_wconf 93' lang='lat' dir='ltr'><strong>et</strong></span> 
     </span>
     <span class='ocr_line' id='line_1_18' title="bbox 43 1694 1008 1776; baseline -0.001 -20"><span class='ocrx_word' id='word_1_129' title='bbox 43 1698 123 1775; x_wconf 77' lang='lat' dir='ltr'><strong>regia</strong></span> <span class='ocrx_word' id='word_1_130' title='bbox 136 1698 174 1756; x_wconf 93' lang='lat' dir='ltr'><strong>ita</strong></span> <span class='ocrx_word' id='word_1_131' title='bbox 188 1696 244 1757; x_wconf 94' lang='lat' dir='ltr'><strong>hoc</strong></span> <span class='ocrx_word' id='word_1_132' title='bbox 259 1698 287 1755; x_wconf 92' lang='lat' dir='ltr'><strong>iu</strong></span> <span class='ocrx_word' id='word_1_133' title='bbox 304 1698 401 1776; x_wconf 91' lang='lat' dir='ltr'><strong>primis</strong></span> <span class='ocrx_word' id='word_1_134' title='bbox 416 1695 550 1756; x_wconf 80' lang='lat' dir='ltr'><strong>exolevit.</strong></span> <span class='ocrx_word' id='word_1_135' title='bbox 578 1694 649 1755; x_wconf 89' lang='lat' dir='ltr'><strong>Nam</strong></span> <span class='ocrx_word' id='word_1_136' title='bbox 664 1704 814 1775; x_wconf 86' lang='lat' dir='ltr'><strong>postquam</strong></span> <span class='ocrx_word' id='word_1_137' title='bbox 829 1695 952 1756; x_wconf 90' lang='lat' dir='ltr'><strong>desimus</strong></span> <span class='ocrx_word' id='word_1_138' title='bbox 968 1695 1008 1755; x_wconf 84' lang='lat' dir='ltr'><strong>ia·</strong></span> 
     </span>
     <span class='ocr_line' id='line_1_19' title="bbox 43 1778 1034 1860; baseline 0 -20"><span class='ocrx_word' id='word_1_139' title='bbox 43 1799 73 1841; x_wconf 90' lang='lat' dir='ltr'><strong>re</strong></span> <span class='ocrx_word' id='word_1_140' title='bbox 86 1779 238 1858; x_wconf 83' lang='lat' dir='ltr'><strong>laudanda,</strong></span> <span class='ocrx_word' id='word_1_141' title='bbox 261 1779 367 1841; x_wconf 87' lang='lat' dir='ltr'><strong>laudari</strong></span> <span class='ocrx_word' id='word_1_142' title='bbox 383 1796 497 1860; x_wconf 92' lang='lat' dir='ltr'><strong>quoque</strong></span> <span class='ocrx_word' id='word_1_143' title='bbox 513 1782 639 1858; x_wconf 90' lang='lat' dir='ltr'><strong>ineptum</strong></span> <span class='ocrx_word' id='word_1_144' title='bbox 653 1788 790 1858; x_wconf 89' lang='lat' dir='ltr'><strong>putamus.</strong></span> <span class='ocrx_word' id='word_1_145' title='bbox 823 1778 944 1853; x_wconf 83' lang='lat' dir='ltr'><strong>Quaeris</strong></span> <span class='ocrx_word' id='word_1_146' title='bbox 960 1782 1034 1860; x_wconf 77' lang='lat' dir='ltr'><strong>quis</strong></span> 
     </span>
     <span class='ocr_line' id='line_1_20' title="bbox 43 1861 1008 1943; baseline -0.003 -18"><span class='ocrx_word' id='word_1_147' title='bbox 43 1875 59 1926; x_wconf 78' lang='lat' dir='ltr'><strong>ut</strong></span> <span class='ocrx_word' id='word_1_148' title='bbox 74 1863 210 1925; x_wconf 84' lang='lat' dir='ltr'><strong>versiculi</strong></span> <span class='ocrx_word' id='word_1_149' title='bbox 226 1865 326 1942; x_wconf 89' lang='lat' dir='ltr'><strong>quibus</strong></span> <span class='ocrx_word' id='word_1_150' title='bbox 346 1866 464 1942; x_wconf 83' lang='lat' dir='ltr'><strong>gratiam</strong></span> <span class='ocrx_word' id='word_1_151' title='bbox 478 1861 597 1925; x_wconf 84' lang='lat' dir='ltr'><strong>rettulil</strong></span> <span class='ocrx_word' id='word_1_152' title='bbox 624 1863 809 1925; x_wconf 82' lang='lat' dir='ltr'><strong>Remitterem</strong></span> <span class='ocrx_word' id='word_1_153' title='bbox 823 1872 853 1923; x_wconf 91' lang='lat' dir='ltr'><strong>te</strong></span> <span class='ocrx_word' id='word_1_154' title='bbox 867 1865 1008 1943; x_wconf 90' lang='lat' dir='ltr'><strong>adipsum</strong></span> 
     </span>
     <span class='ocr_line' id='line_1_21' title="bbox 43 1946 1008 2028; baseline -0.001 -20"><span class='ocrx_word' id='word_1_155' title='bbox 43 1949 147 2026; x_wconf 83' lang='lat' dir='ltr'><strong>lumen,</strong></span> <span class='ocrx_word' id='word_1_156' title='bbox 159 1949 213 2008; x_wconf 92' lang='lat' dir='ltr'><strong>uisi</strong></span> <span class='ocrx_word' id='word_1_157' title='bbox 225 1946 362 2028; x_wconf 91' lang='lat' dir='ltr'><strong>quosdam</strong></span> <span class='ocrx_word' id='word_1_158' title='bbox 372 1956 512 2007; x_wconf 87' lang='lat' dir='ltr'><strong>tenerem:</strong></span> <span class='ocrx_word' id='word_1_159' title='bbox 528 1955 569 2023; x_wconf 86' lang='lat' dir='ltr'><strong>tu,</strong></span> <span class='ocrx_word' id='word_1_160' title='bbox 586 1948 611 2006; x_wconf 92' lang='lat' dir='ltr'><strong>si</strong></span> <span class='ocrx_word' id='word_1_161' title='bbox 625 1947 783 2025; x_wconf 87' lang='lat' dir='ltr'><strong>placuerint</strong></span> <span class='ocrx_word' id='word_1_162' title='bbox 795 1947 834 2022; x_wconf 85' lang='lat' dir='ltr'><strong>bi,</strong></span> <span class='ocrx_word' id='word_1_163' title='bbox 851 1957 965 2009; x_wconf 87' lang='lat' dir='ltr'><strong>ceteros</strong></span> <span class='ocrx_word' id='word_1_164' title='bbox 979 1950 1008 2007; x_wconf 92' lang='lat' dir='ltr'><strong>in</strong></span> 
     </span>
     <span class='ocr_line' id='line_1_22' title="bbox 44 2029 1033 2110; baseline -0.001 -17"><span class='ocrx_word' id='word_1_165' title='bbox 44 2050 77 2093; x_wconf 94' lang='lat' dir='ltr'><strong>ro</strong></span> <span class='ocrx_word' id='word_1_166' title='bbox 92 2033 233 2110; x_wconf 89' lang='lat' dir='ltr'><strong>requires.</strong></span> <span class='ocrx_word' id='word_1_167' title='bbox 264 2030 434 2108; x_wconf 81' lang='lat' dir='ltr'><strong>Adloquitur</strong></span> <span class='ocrx_word' id='word_1_168' title='bbox 453 2029 577 2106; x_wconf 75' lang='grc' dir='ltr'>Μιιιιι,</span> <span class='ocrx_word' id='word_1_169' title='bbox 600 2031 714 2091; x_wconf 90' lang='lat' dir='ltr'><strong>mandat</strong></span> <span class='ocrx_word' id='word_1_170' title='bbox 733 2039 764 2089; x_wconf 87' lang='lat' dir='ltr'><strong>ut</strong></span> <span class='ocrx_word' id='word_1_171' title='bbox 785 2030 897 2090; x_wconf 92' lang='lat' dir='ltr'><strong>domum</strong></span> <span class='ocrx_word' id='word_1_172' title='bbox 917 2038 1033 2092; x_wconf 87' lang='lat' dir='ltr'><strong>meam5</strong></span> 
     </span>
     <span class='ocr_line' id='line_1_23' title="bbox 43 2113 564 2195; baseline -0.01 -18.96"><span class='ocrx_word' id='word_1_173' title='bbox 43 2115 131 2195; x_wconf 93' lang='lat' dir='ltr'><strong>quilis</strong></span> <span class='ocrx_word' id='word_1_174' title='bbox 146 2123 273 2193; x_wconf 83' lang='lat' dir='ltr'><strong>quaerat,</strong></span> <span class='ocrx_word' id='word_1_175' title='bbox 290 2113 372 2174; x_wconf 88' lang='lat' dir='ltr'><strong>adeat</strong></span> <span class='ocrx_word' id='word_1_176' title='bbox 386 2121 564 2173; x_wconf 86' lang='lat' dir='ltr'><strong>reverenter:</strong></span> 
     </span>
    </p>

    <p class='ocr_par' dir='ltr' id='par_1_6' title="bbox 158 2194 690 2295">
     <span class='ocr_line' id='line_1_24' title="bbox 158 2194 690 2295; baseline -0.006 -37"><span class='ocrx_word' id='word_1_177' title='bbox 158 2198 210 2259; x_wconf 89' lang='lat' dir='ltr'><strong>sed</strong></span> <span class='ocrx_word' id='word_1_178' title='bbox 224 2215 261 2257; x_wconf 90' lang='lat' dir='ltr'><strong>ne</strong></span> <span class='ocrx_word' id='word_1_179' title='bbox 276 2206 407 2295; x_wconf 80' lang='lat' dir='ltr'><strong>tempore</strong></span> <span class='ocrx_word' id='word_1_180' title='bbox 421 2212 478 2256; x_wconf 88' lang='lat' dir='ltr'><strong>non</strong></span> <span class='ocrx_word' id='word_1_181' title='bbox 493 2207 541 2257; x_wconf 91' lang='lat' dir='ltr'><strong>tuo</strong></span> <span class='ocrx_word' id='word_1_182' title='bbox 558 2194 690 2281; x_wconf 85' lang='lat' dir='ltr'><strong>disertam</strong></span> 
     </span>
    </p>

    <p class='ocr_par' dir='ltr' id='par_1_7' title="bbox 159 2279 600 2362">
     <span class='ocr_line' id='line_1_25' title="bbox 159 2279 600 2362; baseline -0.002 -22"><span class='ocrx_word' id='word_1_183' title='bbox 159 2281 259 2362; x_wconf 89' lang='lat' dir='ltr'><strong>pulses</strong></span> <span class='ocrx_word' id='word_1_184' title='bbox 274 2281 375 2341; x_wconf 87' lang='lat' dir='ltr'><strong>ebria</strong></span> <span class='ocrx_word' id='word_1_185' title='bbox 366 2288 474 2340; x_wconf 82' lang='lat' dir='ltr'><strong>sannam</strong></span> <span class='ocrx_word' id='word_1_186' title='bbox 488 2279 600 2340; x_wconf 83' lang='lat' dir='ltr'><strong>videto:</strong></span> 
     </span>
    </p>

    <p class='ocr_par' dir='ltr' id='par_1_8' title="bbox 155 2363 674 2440">
     <span class='ocr_line' id='line_1_26' title="bbox 155 2363 674 2440; baseline -0.008 -14"><span class='ocrx_word' id='word_1_187' title='bbox 155 2375 232 2426; x_wconf 91' lang='lat' dir='ltr'><strong>totos</strong></span> <span class='ocrx_word' id='word_1_188' title='bbox 247 2365 294 2426; x_wconf 87' lang='lat' dir='ltr'><strong>dat</strong></span> <span class='ocrx_word' id='word_1_189' title='bbox 307 2365 425 2424; x_wconf 88' lang='lat' dir='ltr'><strong>tetricae</strong></span> <span class='ocrx_word' id='word_1_190' title='bbox 441 2364 502 2424; x_wconf 88' lang='lat' dir='ltr'><strong>dies</strong></span> <span class='ocrx_word' id='word_1_191' title='bbox 517 2363 674 2440; x_wconf 82' lang='lat' dir='ltr'><strong>Minervae,</strong></span> 
     </span>
    </p>

    <p class='ocr_par' dir='ltr' id='par_1_9' title="bbox 158 2448 725 2510">
     <span class='ocr_line' id='line_1_27' title="bbox 158 2448 725 2510; baseline -0.005 -1"><span class='ocrx_word' id='word_1_192' title='bbox 158 2449 223 2510; x_wconf 93' lang='lat' dir='ltr'><strong>dum</strong></span> <span class='ocrx_word' id='word_1_193' title='bbox 237 2457 348 2509; x_wconf 92' lang='lat' dir='ltr'><strong>centum</strong></span> <span class='ocrx_word' id='word_1_194' title='bbox 363 2449 458 2509; x_wconf 88' lang='lat' dir='ltr'><strong>studet</strong></span> <span class='ocrx_word' id='word_1_195' title='bbox 472 2448 586 2509; x_wconf 89' lang='lat' dir='ltr'><strong>auribus</strong></span> <span class='ocrx_word' id='word_1_196' title='bbox 601 2448 725 2508; x_wconf 84' lang='lat' dir='ltr'><strong>virorum</strong></span> 
     </span>
    </p>

    <p class='ocr_par' dir='ltr' id='par_1_10' title="bbox 156 2531 740 2611">
     <span class='ocr_line' id='line_1_28' title="bbox 156 2531 740 2611; baseline -0.005 -18"><span class='ocrx_word' id='word_1_197' title='bbox 156 2534 212 2593; x_wconf 90' lang='lat' dir='ltr'><strong>hoo</strong></span> <span class='ocrx_word' id='word_1_198' title='bbox 229 2531 304 2611; x_wconf 91' lang='lat' dir='ltr'><strong>quod</strong></span> <span class='ocrx_word' id='word_1_199' title='bbox 318 2531 433 2593; x_wconf 89' lang='lat' dir='ltr'><strong>saecula</strong></span> <span class='ocrx_word' id='word_1_200' title='bbox 449 2533 614 2610; x_wconf 88' lang='lat' dir='ltr'><strong>posterique</strong></span> <span class='ocrx_word' id='word_1_201' title='bbox 628 2533 740 2610; x_wconf 91' lang='lat' dir='ltr'><strong>possint</strong></span> 
     </span>
    </p>

    <p class='ocr_par' dir='ltr' id='par_1_11' title="bbox 157 2615 714 2697">
     <span class='ocr_line' id='line_1_29' title="bbox 157 2615 714 2697; baseline -0.002 -21"><span class='ocrx_word' id='word_1_202' title='bbox 157 2618 272 2697; x_wconf 81' lang='lat' dir='ltr'><strong>Arpinis</strong></span> <span class='ocrx_word' id='word_1_203' title='bbox 289 2634 404 2695; x_wconf 88' lang='lat' dir='ltr'><strong>quoque</strong></span> <span class='ocrx_word' id='word_1_204' title='bbox 420 2633 585 2694; x_wconf 91' lang='lat' dir='ltr'><strong>comparare</strong></span> <span class='ocrx_word' id='word_1_205' title='bbox 602 2615 714 2677; x_wconf 88' lang='lat' dir='ltr'><strong>chartis.</strong></span> 
     </span>
    </p>

    <p class='ocr_par' dir='ltr' id='par_1_12' title="bbox 158 2699 764 2765">
     <span class='ocr_line' id='line_1_30' title="bbox 158 2699 764 2765; baseline -0.003 -5"><span class='ocrx_word' id='word_1_206' title='bbox 158 2719 238 2761; x_wconf 90' lang='lat' dir='ltr'><strong>seras</strong></span> <span class='ocrx_word' id='word_1_207' title='bbox 251 2702 338 2759; x_wconf 90' lang='lat' dir='ltr'><strong>tutior</strong></span> <span class='ocrx_word' id='word_1_208' title='bbox 351 2701 406 2759; x_wconf 91' lang='lat' dir='ltr'><strong>ibis</strong></span> <span class='ocrx_word' id='word_1_209' title='bbox 423 2699 458 2760; x_wconf 90' lang='lat' dir='ltr'><strong>ad</strong></span> <span class='ocrx_word' id='word_1_210' title='bbox 473 2699 619 2760; x_wconf 88' lang='lat' dir='ltr'><strong>lucernas:</strong></span> <span class='ocrx_word' id='word_1_211' title='bbox 757 2747 764 2765; x_wconf 69' lang='grc'><strong>,</strong></span> 
     </span>
    </p>

    <p class='ocr_par' dir='ltr' id='par_1_13' title="bbox 157 2781 753 2861">
     <span class='ocr_line' id='line_1_31' title="bbox 157 2781 753 2861; baseline -0.005 -18"><span class='ocrx_word' id='word_1_212' title='bbox 157 2785 229 2844; x_wconf 89' lang='lat' dir='ltr'><strong>haec</strong></span> <span class='ocrx_word' id='word_1_213' title='bbox 244 2784 314 2844; x_wconf 86' lang='lat' dir='ltr'><strong>hora</strong></span> <span class='ocrx_word' id='word_1_214' title='bbox 328 2792 373 2843; x_wconf 91' lang='lat' dir='ltr'><strong>est</strong></span> <span class='ocrx_word' id='word_1_215' title='bbox 387 2792 450 2861; x_wconf 88' lang='lat' dir='ltr'><strong>tua,</strong></span> <span class='ocrx_word' id='word_1_216' title='bbox 467 2801 531 2845; x_wconf 87' lang='lat' dir='ltr'><strong>eum</strong></span> <span class='ocrx_word' id='word_1_217' title='bbox 545 2783 613 2842; x_wconf 88' lang='lat' dir='ltr'><strong>furit</strong></span> <span class='ocrx_word' id='word_1_218' title='bbox 626 2781 753 2858; x_wconf 75' lang='lat' dir='ltr'><strong>Lyaeus,</strong></span> 
     </span>
    </p>

    <p class='ocr_par' dir='ltr' id='par_1_14' title="bbox 158 2864 762 2944">
     <span class='ocr_line' id='line_1_32' title="bbox 158 2864 762 2944; baseline -0.007 -18"><span class='ocrx_word' id='word_1_219' title='bbox 158 2885 221 2927; x_wconf 87' lang='lat' dir='ltr'><strong>curn</strong></span> <span class='ocrx_word' id='word_1_220' title='bbox 235 2876 336 2944; x_wconf 73' lang='lat' dir='ltr'><strong>regnan</strong></span> <span class='ocrx_word' id='word_1_221' title='bbox 349 2884 431 2942; x_wconf 82' lang='lat' dir='ltr'><strong>rosa,</strong></span> <span class='ocrx_word' id='word_1_222' title='bbox 448 2885 511 2926; x_wconf 89' lang='lat' dir='ltr'><strong>cum</strong></span> <span class='ocrx_word' id='word_1_223' title='bbox 526 2864 638 2926; x_wconf 89' lang='lat' dir='ltr'><strong>madent</strong></span> <span class='ocrx_word' id='word_1_224' title='bbox 653 2864 762 2944; x_wconf 89' lang='lat' dir='ltr'><strong>capilli:</strong></span> 
     </span>
    </p>

    <p class='ocr_par' dir='ltr' id='par_1_15' title="bbox 43 2910 1034 3364">
     <span class='ocr_line' id='line_1_33' title="bbox 156 2910 701 3027; baseline -0.007 -17"><span class='ocrx_word' id='word_1_225' title='bbox 156 2959 223 3010; x_wconf 89' lang='lat' dir='ltr'><strong>tunc</strong></span> <span class='ocrx_word' id='word_1_226' title='bbox 237 2968 283 3010; x_wconf 88' lang='lat' dir='ltr'><strong>me</strong></span> <span class='ocrx_word' id='word_1_227' title='bbox 298 2948 346 3009; x_wconf 85' lang='lat' dir='ltr'><strong>vel</strong></span> <span class='ocrx_word' id='word_1_228' title='bbox 360 2910 443 3027; x_wconf 79' lang='lat' dir='ltr'><strong>rigidi</strong></span> <span class='ocrx_word' id='word_1_229' title='bbox 458 2949 554 3026; x_wconf 81' lang='lat' dir='ltr'><strong>legant</strong></span> <span class='ocrx_word' id='word_1_230' title='bbox 568 2947 701 3008; x_wconf 81' lang='lat' dir='ltr'><strong>Catones.</strong></span> 
     </span>
     <span class='ocr_line' id='line_1_34' title="bbox 43 3028 1034 3132; baseline -0.006 -35.945"><span class='ocrx_word' id='word_1_231' title='bbox 43 3037 144 3096; x_wconf 76' lang='lat' dir='ltr'><strong>tritone</strong></span> <span class='ocrx_word' id='word_1_232' title='bbox 159 3053 223 3093; x_wconf 90' lang='lat' dir='ltr'><strong>eum</strong></span> <span class='ocrx_word' id='word_1_233' title='bbox 239 3052 285 3132; x_wconf 85' lang='lat' dir='ltr'><strong>qur</strong></span> <span class='ocrx_word' id='word_1_234' title='bbox 279 3033 372 3093; x_wconf 87' lang='lat' dir='ltr'><strong>&#39;baec</strong></span> <span class='ocrx_word' id='word_1_235' title='bbox 387 3032 423 3092; x_wconf 94' lang='lat' dir='ltr'><strong>de</strong></span> <span class='ocrx_word' id='word_1_236' title='bbox 434 3052 481 3092; x_wconf 90' lang='lat' dir='ltr'><strong>me</strong></span> <span class='ocrx_word' id='word_1_237' title='bbox 493 3034 607 3112; x_wconf 88' lang='lat' dir='ltr'><strong>scripsit</strong></span> <span class='ocrx_word' id='word_1_238' title='bbox 621 3041 649 3091; x_wconf 92' lang='lat' dir='ltr'><strong>et</strong></span> <span class='ocrx_word' id='word_1_239' title='bbox 661 3039 727 3090; x_wconf 92' lang='lat' dir='ltr'><strong>tunc</strong></span> <span class='ocrx_word' id='word_1_240' title='bbox 739 3028 831 3090; x_wconf 92' lang='lat' dir='ltr'><strong>dimisi</strong></span> <span class='ocrx_word' id='word_1_241' title='bbox 840 3028 1034 3090; x_wconf 81' lang='lat' dir='ltr'><strong>amicissimed</strong></span> 
     </span>
     <span class='ocr_line' id='line_1_35' title="bbox 53 3109 1009 3180; baseline -0.01 0"><span class='ocrx_word' id='word_1_242' title='bbox 53 3136 129 3180; x_wconf 89' lang='lat' dir='ltr'><strong>nnnc</strong></span> <span class='ocrx_word' id='word_1_243' title='bbox 150 3127 181 3177; x_wconf 88' lang='lat' dir='ltr'><strong>ut</strong></span> <span class='ocrx_word' id='word_1_244' title='bbox 202 3119 400 3178; x_wconf 90' lang='lat' dir='ltr'><strong>amicissimum</strong></span> <span class='ocrx_word' id='word_1_245' title='bbox 422 3115 585 3177; x_wconf 81' lang='lat' dir='ltr'><strong>defunctum</strong></span> <span class='ocrx_word' id='word_1_246' title='bbox 605 3133 672 3175; x_wconf 91' lang='lat' dir='ltr'><strong>esse</strong></span> <span class='ocrx_word' id='word_1_247' title='bbox 694 3109 801 3173; x_wconf 82' lang='lat' dir='ltr'><strong>doleo?</strong></span> <span class='ocrx_word' id='word_1_248' title='bbox 826 3111 914 3174; x_wconf 90' lang='lat' dir='ltr'><strong>Dedit</strong></span> <span class='ocrx_word' id='word_1_249' title='bbox 935 3112 1009 3172; x_wconf 89' lang='lat' dir='ltr'><strong>enim</strong></span> 
     </span>
     <span class='ocr_line' id='line_1_36' title="bbox 43 3196 1008 3281; baseline -0.008 -19"><span class='ocrx_word' id='word_1_250' title='bbox 43 3203 71 3264; x_wconf 90' lang='lat' dir='ltr'><strong>hi</strong></span> <span class='ocrx_word' id='word_1_251' title='bbox 87 3210 221 3281; x_wconf 88' lang='lat' dir='ltr'><strong>quantum</strong></span> <span class='ocrx_word' id='word_1_252' title='bbox 235 3203 382 3262; x_wconf 83' lang='lat' dir='ltr'><strong>maximum</strong></span> <span class='ocrx_word' id='word_1_253' title='bbox 397 3202 503 3280; x_wconf 87' lang='lat' dir='ltr'><strong>potuit,</strong></span> <span class='ocrx_word' id='word_1_254' title='bbox 526 3199 640 3260; x_wconf 88' lang='lat' dir='ltr'><strong>daturus</strong></span> <span class='ocrx_word' id='word_1_255' title='bbox 659 3196 796 3278; x_wconf 86' lang='lat' dir='ltr'><strong>amplius,</strong></span> <span class='ocrx_word' id='word_1_256' title='bbox 820 3196 845 3256; x_wconf 90' lang='lat' dir='ltr'><strong>si</strong></span> <span class='ocrx_word' id='word_1_257' title='bbox 858 3200 1008 3277; x_wconf 88' lang='lat' dir='ltr'><strong>potuisset.</strong></span> 
     </span>
     <span class='ocr_line' id='line_1_37' title="bbox 43 3280 1011 3364; baseline -0.012 -16"><span class='ocrx_word' id='word_1_258' title='bbox 43 3287 130 3348; x_wconf 90' lang='lat' dir='ltr'><strong>metsi</strong></span> <span class='ocrx_word' id='word_1_259' title='bbox 152 3285 219 3364; x_wconf 91' lang='lat' dir='ltr'><strong>quid</strong></span> <span class='ocrx_word' id='word_1_260' title='bbox 234 3286 338 3346; x_wconf 91' lang='lat' dir='ltr'><strong>bomini</strong></span> <span class='ocrx_word' id='word_1_261' title='bbox 352 3293 448 3364; x_wconf 89' lang='lat' dir='ltr'><strong>potest</strong></span> <span class='ocrx_word' id='word_1_262' title='bbox 468 3284 526 3344; x_wconf 88' lang='lat' dir='ltr'><strong>dari</strong></span> <span class='ocrx_word' id='word_1_263' title='bbox 546 3285 634 3343; x_wconf 89' lang='lat' dir='ltr'><strong>maius</strong></span> <span class='ocrx_word' id='word_1_264' title='bbox 659 3300 740 3361; x_wconf 92' lang='lat' dir='ltr'><strong>quam</strong></span> <span class='ocrx_word' id='word_1_265' title='bbox 756 3281 847 3360; x_wconf 79' lang='lat' dir='ltr'><strong>gloria</strong></span> <span class='ocrx_word' id='word_1_266' title='bbox 863 3289 892 3340; x_wconf 90' lang='lat' dir='ltr'><strong>et</strong></span> <span class='ocrx_word' id='word_1_267' title='bbox 906 3280 967 3339; x_wconf 89' lang='lat' dir='ltr'><strong>laus</strong></span> <span class='ocrx_word' id='word_1_268' title='bbox 982 3285 1011 3336; x_wconf 92' lang='lat' dir='ltr'><strong>et</strong></span> 
     </span>
    </p>
   </div>
   <div class='ocr_carea' id='block_1_6' title="bbox 43 3362 1012 3598">
    <p class='ocr_par' dir='ltr' id='par_1_16' title="bbox 43 3362 1012 3598">
     <span class='ocr_line' id='line_1_38' title="bbox 43 3362 1012 3445; baseline -0.008 -15"><span class='ocrx_word' id='word_1_269' title='bbox 43 3367 177 3432; x_wconf 81' lang='lat' dir='ltr'><strong>ternitas?</strong></span> <span class='ocrx_word' id='word_1_270' title='bbox 198 3368 243 3429; x_wconf 78' lang='lat' dir='ltr'><strong>Ad</strong></span> <span class='ocrx_word' id='word_1_271' title='bbox 257 3386 314 3429; x_wconf 94' lang='lat' dir='ltr'><strong>non</strong></span> <span class='ocrx_word' id='word_1_272' title='bbox 329 3377 411 3428; x_wconf 91' lang='lat' dir='ltr'><strong>erunt</strong></span> <span class='ocrx_word' id='word_1_273' title='bbox 424 3376 539 3428; x_wconf 88' lang='lat' dir='ltr'><strong>aeterna</strong></span> <span class='ocrx_word' id='word_1_274' title='bbox 555 3384 628 3445; x_wconf 86' lang='lat' dir='ltr'><strong>quae</strong></span> <span class='ocrx_word' id='word_1_275' title='bbox 644 3367 771 3445; x_wconf 89' lang='lat' dir='ltr'><strong>scripsit:</strong></span> <span class='ocrx_word' id='word_1_276' title='bbox 786 3382 843 3425; x_wconf 93' lang='lat' dir='ltr'><strong>non</strong></span> <span class='ocrx_word' id='word_1_277' title='bbox 859 3371 940 3424; x_wconf 89' lang='lat' dir='ltr'><strong>erunt</strong></span> <span class='ocrx_word' id='word_1_278' title='bbox 953 3362 1012 3422; x_wconf 91' lang='lat' dir='ltr'><strong>ior·</strong></span> 
     </span>
     <span class='ocr_line' id='line_1_39' title="bbox 43 3447 897 3598; baseline -0.007 -85"><span class='ocrx_word' id='word_1_279' title='bbox 43 3452 401 3598; x_wconf 48' lang='grc' dir='ltr'>ιὲῗῖῃξίἓιριιιιιοιιιοιῑριίι</span> <span class='ocrx_word' id='word_1_280' title='bbox 414 3461 554 3530; x_wconf 90' lang='lat' dir='ltr'><strong>tamquam</strong></span> <span class='ocrx_word' id='word_1_281' title='bbox 569 3456 668 3511; x_wconf 86' lang='lat' dir='ltr'><strong>essent</strong></span> <span class='ocrx_word' id='word_1_282' title='bbox 683 3449 784 3514; x_wconf 86' lang='lat' dir='ltr'><strong>lutura.</strong></span> <span class='ocrx_word' id='word_1_283' title='bbox 816 3447 897 3593; x_wconf 51' lang='grc' dir='ltr'>ζιίι.</span> 
     </span>
    </p>
   </div>
   <div class='ocr_carea' id='block_1_7' title="bbox 0 0 1205 3848">
    <p class='ocr_par' dir='ltr' id='par_1_17' title="bbox 0 0 1205 3848">
     <span class='ocr_line' id='line_1_40' title="bbox 0 0 1205 3848; baseline 0 0"><span class='ocrx_word' id='word_1_284' title='bbox 0 0 1205 3848; x_wconf 95' lang='lat' dir='ltr'><strong> </strong></span> 
     </span>
    </p>
   </div>
  </div>
 </body>
</html>
