2400 3840
557 187 589 248 C.
613 187 709 248 PLINl

617 341 651 399 V,

407 454 435 508 C.
454 455 578 506 PLINIUS
596 455 742 507 LUPERGO
761 455 821 507 SUO
835 454 862 506 S.

197 594 347 655 Actionem
361 603 418 654 eta
432 603 461 653 te
472 593 638 672 frequenter
653 593 834 670 efflagitatam
846 603 876 654 et
887 612 904 653 a
915 613 961 656 me
973 613 1061 674 saepe
1072 609 1143 676 pro-1

111 677 246 740 inmissam
261 677 376 738 exhibui
392 677 459 754 tibi,
483 677 604 737 nondum
621 687 715 737 tamen
735 686 837 737 totam:
866 677 960 739 adhuc
982 681 1056 739 enim
1072 697 1128 759 pars

133 765 195 824 eius
210 760 378 841 perpolitur.
408 759 523 821 Interim
541 779 613 839 quae
627 760 800 821 absolutiora
819 761 886 820 mihi
900 761 1069 824 videbantur
1080 775 1146 827 nont
1174 817 1178 828 .

133 847 185 908 fuit
197 847 320 908 alienum
334 846 438 906 iudicio
453 855 502 905 tuo
518 845 598 904 tradi.
620 843 670 905 His
680 854 710 904 tu
725 862 798 922 rogo
813 846 1000 906 intentionem
1011 848 1129 908 scriben-

132 933 168 992 tis
184 931 393 992 accommodes.
415 927 491 988 Nihil
507 929 582 988 enim
596 928 688 989 adhuc
702 931 775 988 inter
789 946 886 990 manus
898 928 984 989 habui
998 932 1043 990 cui
1054 934 1131 992 maio·

132 1032 192 1075 rem
208 1014 426 1075 sollicitudinem
440 1020 587 1090 praestare
603 1011 748 1072 deberem.
771 1010 841 1072 Nam
854 1014 883 1072 in
899 1015 1007 1076 ceteris
1023 1017 1149 1079 actioni-3

91 1114 125 1165 10
133 1099 187 1158 bus
205 1099 403 1157 existimationi
420 1095 562 1155 hominum
581 1094 726 1172 diligentia
739 1105 845 1155 tantum
860 1105 889 1156 et
904 1095 976 1159 fides
988 1108 1094 1178 nostra,
1108 1102 1133 1159 iu

133 1180 186 1240 hac
205 1182 288 1241 etiam
306 1183 398 1258 pietas
417 1180 581 1239 subicietur.
609 1178 678 1239 lnde
694 1189 723 1240 et
738 1179 812 1240 liber
827 1181 934 1258 crevit,
956 1180 1025 1242 dum
1039 1200 1132 1244 ornare

132 1265 249 1343 patriam
270 1273 300 1324 et
320 1264 493 1343 amplificare
513 1264 687 1341 gaudemus,
714 1265 822 1342 pariter
843 1274 872 1324 et
893 1265 1056 1327 defensioni
1076 1269 1133 1328 eius

132 1349 271 1409 servimus
292 1358 322 1409 et
341 1347 459 1426 gloriae.
495 1347 537 1407 Tu
552 1357 645 1408 tamen
659 1347 732 1407 haec
746 1349 820 1424 ipsa,
837 1358 970 1426 quantum
984 1353 1057 1412 ratio
1072 1362 1153 1414 exe-l

131 1434 222 1510 gerit,
239 1451 352 1494 reseca.
384 1432 523 1506 Quotiens
539 1433 614 1492 enim
629 1431 664 1490 ad
678 1430 818 1491 fastidium
833 1431 991 1510 legentium
1006 1434 1134 1497 delicias·

90 1536 122 1589 15
132 1536 187 1596 que
201 1519 345 1596 respicio,
364 1515 502 1593 intellego
517 1516 601 1576 nobis
617 1514 888 1576 commendationem
903 1527 932 1577 et
947 1536 986 1578 ex
1001 1520 1065 1599 ipsa
1078 1538 1147 1580 me··

131 1600 279 1661 diocritate
294 1599 359 1660 libri
373 1599 533 1678 petendam.
561 1597 641 1658 Idem
655 1608 747 1659 tamen
764 1601 812 1677 qui
825 1616 841 1657 a
855 1608 884 1659 te
901 1600 975 1663 hanc
990 1605 1153 1665 austeritas

129 1693 188 1744 tem
204 1685 290 1759 exigo
306 1700 397 1760 cogor
410 1682 439 1742 id
457 1682 532 1760 quod
549 1683 692 1743 diversum
707 1692 753 1743 cst
767 1681 930 1763 postulare,
947 1695 978 1746 ut
992 1688 1022 1747 in
1036 1687 1134 1767 pleris-

131 1786 187 1845 que
203 1766 324 1826 frontem
337 1768 473 1828 remittas.
495 1767 566 1826 Sunt
580 1768 654 1826 enim
671 1765 808 1843 quaedam
822 1765 1051 1830 adulescentium
1064 1773 1134 1831 auri·

130 1851 184 1911 bns
200 1850 305 1928 danda,
328 1852 496 1929 praesentim
511 1851 535 1910 si
555 1851 672 1910 materia
685 1867 742 1910 uon
755 1849 933 1928 refragetur:
946 1871 1013 1914 nam
1028 1855 1134 1917 descri-

88 1936 243 2014 20ptiones
263 1933 408 2013 locorum,
428 1936 548 2012 quaein
569 1933 626 1994 hoc
640 1933 713 1993 libro
729 1934 941 2011 frequentiores
958 1949 1060 2018 erunt,
1079 1957 1134 1999 non

129 2019 265 2080 historice
279 2029 384 2081 tantum
398 2019 451 2080 scd
466 2035 559 2098 prope
570 2020 688 2097 politice
703 2020 840 2096 prosequi
856 2019 899 2079 fas
915 2031 971 2081 est.
994 2020 1081 2094 Quod
1095 2029 1153 2084 tur-i

129 2104 239 2165 mensi
259 2105 322 2184 quis
343 2105 468 2164 extiterit
489 2106 536 2181 qui
554 2112 635 2182 putet
650 2118 703 2162 nos
725 2101 827 2162 laetius
848 2103 957 2164 iecisse
975 2120 1134 2184 quam'ora·

127 2190 212 2249 tionis
230 2191 369 2249 severitas
386 2189 491 2264 exigat,
507 2187 602 2264 huius,
617 2194 647 2244 ut
658 2188 696 2246 ito
710 2184 838 2264 dixerim,
854 2188 995 2249 tristitiam
1006 2189 1133 2270 reliquae

128 2281 225 2349 partes
239 2273 359 2331 aetionis
375 2287 494 2330 exorare
509 2269 662 2330 debebunt.
686 2268 784 2331 Adnisi
797 2279 876 2331 certe
887 2290 985 2333 sumus
998 2285 1029 2335 ut
1040 2293 1133 2354 quam

86 2352 199 2423 nalibet
213 2352 326 2414 diversa
339 2371 447 2430 genera
460 2353 601 2413 lectorum
615 2353 779 2433 perplures
796 2353 907 2415 dicendi
923 2359 1042 2436 species
1054 2368 1133 2420 tene·

128 2454 241 2515 remus,
263 2454 297 2496 ac
317 2439 391 2498 sicut
404 2454 537 2498 veremur
550 2456 587 2497 ne
602 2437 769 2516 quibusdam
783 2456 849 2517 pars
863 2438 957 2518 aliqua
974 2443 1153 2506 secundumi

128 2538 206 2583 suam
220 2522 359 2599 cuiusque
374 2529 498 2583 naturam
512 2539 569 2582 non
583 2523 737 2600 probetur,
758 2524 798 2581 ita
817 2522 946 2584 videmur
958 2542 1051 2604 posse
1065 2545 1132 2588 con·

127 2602 216 2666 fidere
229 2614 260 2665 ut
270 2607 481 2666 universitatem
492 2606 620 2667 omnibus
634 2608 757 2666 varietas
771 2607 835 2685 ipsa
851 2608 1041 2671 commendet.
1060 2609 1154 2675 Nam8

127 2698 157 2750 ct
170 2691 198 2750 in
213 2692 324 2752 ratione
346 2691 556 2769 conviviorum,
580 2691 707 2769 quamvis
728 2707 744 2749 a
765 2690 913 2770 plerisque
932 2694 1004 2755 cibis
1026 2695 1132 2774 singuli

83 2783 334 2854 adtemperemus,
350 2784 437 2836 totam
450 2784 544 2836 tamen
560 2792 658 2835 cenam
671 2773 786 2834 laudare
799 2792 897 2836 omnes
912 2776 1058 2858 solemus,
1075 2798 1132 2840 nec

126 2875 247 2935 eaquae
262 2860 424 2923 stomachus
437 2869 537 2921 noster
553 2867 668 2920 recusat
683 2857 808 2919 adimunt
821 2861 938 2937 gratiam
954 2859 1011 2922 illis
1027 2863 1130 2941 quibus

127 2942 244 3018 capitur.
274 2943 369 3023 Atque
384 2944 456 3004 haec
474 2961 531 3022 ego
546 2945 587 3003 sic
601 2944 694 3021 accipi
708 2941 793 3022 volo,
814 2961 871 3004 non
890 2954 1032 3024 tamquam
1046 2946 1150 3011 adse-9

126 3033 221 3084 cutum
240 3044 372 3088 maesse
392 3026 521 3106 credam,
547 3027 599 3088 sed
618 3036 759 3104 tamqnam
782 3027 901 3106 adsequi
925 3027 1129 3092 laboraverim:

125 3107 249 3171 fortasse
263 3127 320 3170 non
330 3111 447 3180 irustm;
468 3114 492 3172 si
503 3111 587 3172 modo
598 3120 627 3170 tu
644 3127 739 3170 curam
752 3120 828 3172 tuam
841 3112 1003 3175 admoveris
1017 3117 1129 3176 interim

84 3192 198 3269 toistis,
213 3210 280 3253 mox
296 3195 330 3255 iis
345 3212 416 3272 qnae
429 3206 574 3257 secuntur.
600 3193 691 3254 Dices
705 3204 734 3256 te
745 3213 805 3256 non
819 3215 908 3276 posse
924 3200 992 3261 satis
1007 3199 1165 3279 diligen-1⁰

125 3284 170 3334 ter
184 3275 213 3334 id
226 3277 335 3354 iacere,
350 3279 403 3338 nisi
418 3281 496 3358 prius
509 3290 597 3341 totam
606 3280 747 3339 actionem
761 3284 942 3359 cognoveris.
963 3281 1084 3345 Fateor:
1099 3285 1126 3342 in

125 3362 286 3437 praesentia
306 3370 400 3421 tamen
419 3371 449 3422 et
469 3366 522 3425 ista
541 3365 591 3424 tibi
612 3362 790 3424 familiariora
805 3367 872 3427 fient
892 3376 922 3427 et
936 3367 1074 3445 quaedam
1088 3385 1125 3428 ex

123 3441 168 3504 his
181 3442 246 3505 talia
261 3454 343 3506 erunt
359 3454 389 3505 ut
408 3463 461 3525 per
472 3459 568 3526 partes
582 3447 724 3508 emendari
738 3452 859 3529 possint.
880 3449 994 3512 Etenim
1008 3454 1034 3513 si
1047 3450 1124 3512 avol·
1131 3457 1159 3511 11
