2400 3840
103 195 167 260 266
528 191 561 254 c.
583 191 679 254 Pbllll

105 365 167 408 nam
189 356 219 408 et
241 346 353 406 restitui
375 346 526 423 oportebat
547 364 619 424 quos
640 344 793 406 sustulerat
811 343 901 406 malus
922 346 1059 424 princeps
1081 351 1111 404 et

104 430 165 490 tolli
180 431 337 489 restitutos.
373 427 405 488 ln
421 430 455 489 iis
474 431 547 489 enim
560 448 633 508 quae
647 428 756 489 amalis
772 428 849 489 bene
864 428 933 490 liunt
946 427 995 487 bic
1011 437 1110 488 teneu-

104 513 157 573 dus
173 522 218 574 est
232 512 333 573 modus
348 523 379 573 ut
393 523 528 591 appareat
542 523 688 574 auctorem
702 511 904 591 displicuisse,
922 529 980 572 non
994 511 1109 574 iactam.

102 595 181 658 ldem
202 614 273 673 ergo
289 597 412 675 popalus
429 595 479 657 ille
495 596 644 674 aliquando
659 597 785 657 serenici
801 596 981 672 imperatoris
997 603 1111 673 specta·

103 689 149 739 tor
165 688 194 741 et
209 680 342 759 plausor,
357 699 432 741 nuno
443 681 470 739 in
483 681 658 757 pantomimis
671 696 786 758 quoque
798 688 946 740 aversatur
957 688 986 740 et
999 678 1134 741 damnata

104 765 281 825 effeminatas
298 773 374 826 artes
389 774 419 825 et
438 763 574 824 indecora
589 763 707 824 sacerdo
723 761 825 824 studia
858 761 904 822 En
921 781 979 840 guo
994 761 1109 822 manile·

104 857 179 908 stum
194 858 239 909 est
250 849 408 927 principum
419 847 596 926 disciplinam
608 864 712 925 capere
726 848 811 907 etiam
822 845 944 924 vulgus,
963 863 1028 906 cum
1038 862 1109 922 rem,

103 933 129 992 si
143 932 179 992 ab
195 949 251 992 uno
268 932 334 1008 liat,
350 933 561 993 severissimam
575 931 696 992 iecerint
711 947 819 990 omnes.
840 928 934 989 llaete
950 929 1004 989 bac
1018 931 1111 1006 gravi·

103 1017 169 1075 tatis
184 1014 290 1092 gloria,
315 1013 436 1091 Caesar,
458 1033 513 1093 qua
535 1024 708 1076 consecutus
729 1032 762 1074 es
778 1024 809 1074 ut
829 1011 906 1091 quod
920 1021 1004 1073 antea
1020 1014 1063 1073 vis
1082 1020 1111 1072 et

103 1100 250 1174 imperium
263 1115 336 1156 nunc
351 1097 446 1157 mores
461 1108 642 1158 vocarentur.
675 1095 894 1174 (instigaverunt
907 1098 974 1156 vitia
987 1113 1039 1156 sua
1053 1097 1110 1172 ipsi
1120 1109 1152 1161 lo

104 1182 152 1257 qui
167 1181 298 1256 castigari
309 1180 506 1257 merebantur,
521 1181 663 1261 iidemque
675 1179 872 1241 emendatores
885 1181 934 1258 qui
945 1178 1111 1239 emendandi

103 1263 225 1323 fuerunt.
260 1261 360 1341 ltaque
380 1281 465 1324 nemo
481 1263 517 1324 de
533 1268 688 1326 severitate
710 1265 918 1341 torquentur,
944 1272 975 1322 et
988 1261 1111 1322 liberum

104 1356 149 1407 est
167 1349 257 1426 queri.
286 1347 420 1408 sedeam
436 1349 474 1408 ita
490 1359 671 1427 conparatum
688 1350 726 1408 sit
739 1357 770 1407 ut
784 1347 820 1408 de
831 1345 910 1407 nullo
926 1346 1020 1406 minus
1035 1348 1111 1425 prin·

104 1433 169 1509 cipe
185 1442 338 1509 querantur
349 1432 479 1493 homines
494 1451 577 1512 quam
591 1433 696 1511 dequo
712 1433 830 1492 maxime
842 1430 930 1507 licet,
946 1438 995 1490 tuo
1008 1431 1036 1489 in
1047 1448 1110 1490 sae·

104 1514 170 1575 culo
194 1513 263 1574 nibil
287 1525 332 1576 est
352 1532 409 1595 quc
425 1534 481 1577 noa
498 1534 579 1576 omne
596 1515 739 1576 bominum
752 1533 844 1592 genus
858 1513 983 1574 laetetur
997 1523 1028 1573 et
1040 1530 1109 1590 gau-
1121 1518 1153 1570 15

104 1597 179 1657 deat.
208 1599 281 1657 Boni
296 1599 506 1677 provebuntur,
529 1598 610 1678 mali,
634 1601 682 1678 qui
699 1607 745 1659 est
759 1596 1005 1676 tranquillissimus
1020 1605 1110 1657 status

104 1682 242 1758 civitatis,
258 1699 314 1740 nec
328 1684 427 1743 timent
442 1700 497 1742 neo
512 1684 654 1743 timentur.
681 1680 806 1742 blederis
822 1680 987 1757 erroribus,
1001 1679 1055 1741 sed
1069 1682 1111 1739 in·

103 1761 295 1840 plorantibus,
318 1767 507 1843 omnibusque
524 1783 598 1844 quos
615 1765 706 1826 bonos
727 1764 798 1825 iacis
822 1764 894 1824 banc
911 1763 1034 1824 adstruis
1051 1763 1111 1824 lau·

103 1844 167 1903 dem
181 1863 217 1904 ne
233 1848 370 1923 coegisse
383 1849 517 1909 videaris.

51 1927 92 1992 47
169 1926 368 2009 Quidivitam,
384 1929 471 2009 qaid?
482 1948 578 1994 mores
589 1934 739 1994 iuventutis
752 1949 835 2011 quam
846 1928 1040 2011 principaliter
1051 1929 1153 1995 ior-to

46 2019 47 2022 ’
105 2012 177 2072 mas!
199 2013 293 2086 Quem
306 2014 444 2075 honorem
455 2014 568 2077 dicendi
583 2019 742 2095 magistris,
759 2034 843 2095 quam
858 2015 1049 2092 dignationem
1064 2032 1110 2074 sa·

103 2098 228 2172 pientiae
243 2096 409 2160 doctoribus
424 2099 526 2160 babes!
545 2100 582 2160 Ut
597 2101 650 2162 sub
665 2110 694 2161 te
709 2100 839 2178 spiritum
852 2107 883 2160 et
896 2099 1063 2175 sanguinem
1078 2106 1109 2156 et

103 2181 219 2256 patriam
238 2193 413 2260 receperunt
429 2182 534 2245 studia!
561 2203 634 2263 quae
649 2186 946 2264 priorumtemporum
961 2182 1108 2241 inmanitas

103 2262 198 2322 exiliis
215 2266 366 2344 puniebat,
390 2285 453 2327 oum
471 2268 526 2328 sibi
540 2269 671 2328 vitiorum
686 2269 809 2327 omnium
825 2268 959 2327 conscius
971 2266 1108 2343 princeps

102 2346 230 2406 inimicas
245 2350 321 2409 vitiis
335 2359 411 2410 artes
425 2368 483 2410 non
499 2350 565 2411 odio
580 2354 669 2430 magis
685 2368 768 2430 quam
779 2351 940 2410 reverentia
953 2348 1151 2425 relegaretbs

102 2426 140 2484 At
155 2436 185 2484 tu
201 2428 315 2488 easdem
329 2442 405 2493 artes
419 2435 448 2493 in
465 2433 608 2512 conplexu
624 2434 716 2497 oeulis
727 2434 842 2495 auribus
856 2433 956 2494 babes.
975 2431 1108 2491 Praestas

103 2509 178 2565 enim
193 2527 387 2589 quaecumque
400 2517 598 2595 praecipiunt,
621 2527 785 2596 tantumque
799 2535 848 2578 eas
865 2514 959 2594 diligis
973 2523 1109 2592 quantum

103 2589 137 2649 ab
152 2589 209 2651 illis
226 2592 363 2669 probaris.
381 2596 427 2655 An
441 2599 589 2677 quisquam
600 2601 692 2662 studia
702 2600 878 2661 humanitatis
890 2597 1110 2678 proiessus'uou

103 2692 166 2734 cum
174 2676 265 2736 omnia
278 2684 324 2736 tua
336 2687 394 2736 tum
405 2679 453 2739 vel
466 2682 494 2739 in
508 2684 604 2760 primis
615 2683 744 2744 laudibus
757 2683 830 2744 ierat
838 2683 1039 2745 admissionum
1048 2691 1109 2742 tua·

101 2774 162 2816 rum
179 2758 364 2821 facilitatem?
397 2761 500 2840 ldagno
514 2767 627 2844 quidem
642 2769 734 2827 auimo
751 2784 855 2846 parens
874 2777 940 2828 tuus
954 2765 1027 2826 bano
1041 2774 1107 2824 ante
1117 2779 1151 2833 30

101 2856 154 2900 vos
177 2844 321 2921 principes
342 2863 438 2905 arcem
456 2847 632 2926 publicarum
653 2850 765 2911 aedium
779 2852 893 2910 nomine
908 2851 1107 2928 inscripsemt;

102 2920 205 2984 imstra
221 2933 330 3003 amen,
353 2930 407 2989 nisi
421 2928 587 3008 adoptasset
600 2936 648 3012 qui
668 2934 794 2994 habitare
809 2942 840 2993 ut
854 2935 884 2993 in
898 2932 1021 3012 publicis
1039 2946 1108 3012 pos·

103 3013 157 3063 set.
176 3005 276 3077 'Quam
292 3009 366 3070 bene
383 3029 448 3071 oum
462 3014 544 3073 titulo
558 3015 614 3075 isto
630 3018 755 3078 moribus
768 3018 824 3079 tuis
842 3018 994 3093 convenit,
1011 3033 1108 3095 quam·

102 3103 158 3162 que
179 3090 271 3148 omnia
292 3093 335 3151 sic
357 3093 443 3170 iacis,
470 3105 609 3174 tamquam
628 3116 685 3159 non
705 3099 777 3161 alius
792 3099 986 3178 inscripserit!
1022 3099 1108 3172 Quod

102 3171 181 3268 enim·
191 3169 299 3248 forma,
316 3192 388 3251 quae
403 3177 508 3253 templa
523 3188 578 3238 tam
593 3180 739 3242 resemtai
764 3181 830 3243 Non
846 3182 1017 3263 capitolium
1031 3184 1149 3261 ipsa-35

102 3269 157 3328 que
173 3251 223 3313 rlla
241 3253 400 3331 adoptionis
415 3268 481 3319 tuae
497 3260 584 3323 sedes
598 3267 687 3340 magis
702 3266 836 3344 publica,
862 3269 953 3343 magis
973 3268 1106 3327 omnium.

100 3331 178 3395 Nulli
197 3335 316 3413 obices,
342 3339 412 3399 nulli
435 3345 666 3405 contumeliarum
685 3348 806 3428 gradus,
835 3351 1035 3427 superatisque
1052 3351 1107 3409 iam

100 3417 179 3477 mille
195 3417 335 3478 liminibus
350 3421 422 3480 ultra
443 3442 559 3504 semper
578 3427 671 3506 aliqua
687 3429 755 3491 dura
776 3441 806 3492 et
825 3434 973 3493 obstantia.
1003 3430 1108 3510 blagna
