2400 3840
349 218 612 282 EPISTULARUM
627 220 677 280 111.
701 230 743 284 13.
761 232 802 285 14.
817 234 858 286 15.
1064 223 1107 289 59

98 374 267 451 vimentum,
283 382 313 433 ut
329 374 527 452 experirentur
541 391 576 432 aa
589 373 711 432 viveret.
734 370 798 448 lile,
815 375 877 434 sive
893 376 958 452 quia
973 392 1029 434 noo
1040 393 1105 436 sen·

98 457 200 534 tiebat,
217 458 279 517 sive
294 458 359 537 quia
375 476 406 516 se
423 472 479 515 nou
495 459 602 517 sentire
616 457 780 533 simulabat,
797 457 946 519 immobilis
961 467 990 518 et
1005 468 1104 520 exten·

98 550 146 601 tus
167 540 253 600 fidem
274 550 408 621 peractae
428 543 526 600 mortis
547 539 682 619 implevit.
711 537 781 598 'lum
801 541 912 600 demum
927 545 1007 621 quasi
1022 552 1128 606 aestu3

99 622 213 684 solutus
234 624 367 701 effertur,
391 626 537 703 excipiunt
558 626 635 685 servi
657 623 819 702 fideliores,
843 627 1018 686 concubinae
1040 646 1104 688 eum

73 707 209 775 aululatu
224 717 254 768 et
275 709 398 768 clamore
414 717 593 768 concurrunt.
616 705 663 768 lta
679 718 708 768 et
724 709 843 767 vocibus
859 712 999 771 excitatus
1015 719 1044 770 et
1058 729 1103 770 re-

99 799 213 852 creatus
235 790 292 851 loci
313 792 421 869 frigore
444 791 563 852 sublatis
579 791 671 852 oculis
686 794 850 870 agitatoque
867 810 989 872 corpore
1003 796 1103 855 virere

99 894 150 953 se,
172 885 203 936 et
224 877 278 936 iam
298 884 386 934 tutum
408 883 483 952 erat,
501 875 660 936 cantitetur.
695 874 851 953 lliffugiunt
866 880 958 945 servi;
984 886 1128 954 quorums

98 976 199 1038 magna
213 977 279 1039 pars
295 959 492 1038 conprehensa
507 969 568 1037 est,
592 960 681 1019 ceteri
699 961 888 1037 requiruntur.
919 959 987 1038 lpse
1003 964 1102 1039 paucis

99 1041 201 1103 diebus
218 1061 308 1120 aegre
329 1042 461 1103 focilatus
482 1059 540 1122 non
560 1046 622 1103 sine
642 1042 757 1104 ultionis
779 1043 888 1103 solacio
903 1044 1047 1122 decessit,
1065 1047 1103 1105 ita

57 1135 91 1187 10
99 1127 183 1186 vivus
198 1126 355 1188 vindicatus
370 1136 400 1185 ut
414 1128 503 1186 occisi
520 1126 627 1187 soleat.
658 1126 746 1188 Vides
767 1136 836 1206 quot
856 1127 1011 1206 periculis,
1033 1138 1128 1206 quoto

99 1210 296 1287 contumeliis,
320 1220 389 1289 quot
404 1209 531 1270 ludibriis
547 1213 633 1271 simus
650 1212 782 1280 obnoxii;
800 1229 858 1271 -oec
874 1211 1010 1290 estquod
1025 1215 1102 1290 quis·

98 1312 182 1373 mam
194 1297 288 1375 possit
298 1313 365 1358 esse
377 1311 515 1373 securus,
535 1297 600 1373 quia
614 1296 650 1354 sit
663 1298 799 1354 remissus
814 1304 844 1354 et
858 1298 947 1355 mitis:
961 1312 1017 1355 uon
1029 1298 1103 1355 euim

98 1377 204 1438 iudicio
222 1379 326 1439 domiui
340 1377 393 1440 sed
408 1377 522 1439 scelere
537 1380 718 1455 perimuntur.
748 1377 853 1437 Verum
867 1379 938 1440 haec
955 1379 1101 1441 hacteuus.

99 1460 175 1535 Quid
184 1472 339 1542 praeterea
357 1464 445 1523 novi?
467 1459 554 1540 quid?
575 1461 658 1529 aibil;
680 1461 785 1540 alioqui
801 1462 1016 1539 subiungerem:
1040 1472 1128 1526 namo

52 1558 89 1611 15
99 1554 129 1605 et
144 1546 240 1607 charta
254 1546 346 1607 adhuc
360 1555 493 1625 superest
508 1555 537 1605 et
552 1544 614 1606 dies
626 1545 746 1606 'feriatus
762 1548 865 1624 patitur
879 1545 960 1625 plura
976 1547 1099 1606 contexi.

96 1628 207 1690 Addam
219 1629 295 1710 quod
308 1639 468 1710 opportune
481 1628 517 1689 de
530 1627 634 1690 eodem
647 1627 804 1690 Macedone
820 1632 971 1691 succurrit.
987 1627 1058 1689 Cum
1073 1631 1101 1688 in

97 1713 217 1792 publico
233 1712 339 1775 Romae
353 1714 510 1790 lavaretur,
532 1713 665 1773 notabilis
680 1723 766 1792 atque
781 1717 880 1793 etiam,
895 1725 926 1775 ut
943 1716 1035 1775 exitus
1051 1712 1101 1773 do·

97 1800 173 1876 cuit,
202 1801 329 1858 ominosa
349 1817 398 1858 res
418 1799 530 1858 accidit.
564 1796 663 1876 Eques
684 1797 827 1858 Romanus
846 1816 863 1858 a
884 1815 970 1858 servo
992 1800 1053 1858 eius
1071 1806 1123 1861 uti

96 1884 243 1943 transitum
263 1881 342 1943 daret
362 1899 445 1942 manu
466 1880 569 1942 leviter
588 1881 746 1941 admonitus
768 1885 908 1943 convertit
923 1902 956 1944 se
969 1901 1025 1942 uec
1040 1900 1100 1941 ser-

51 1970 164 2026 iorum
183 1984 200 2026 a
220 1982 279 2045 quo*
299 1976 359 2027 erat
378 1974 487 2043 tactus,
509 1967 562 2026 sed
581 1968 674 2045 ipsum
693 1964 878 2027 Macedonem
898 1977 955 2027 tam
974 1968 1100 2044 graviter

95 2048 188 2130 palma
203 2053 348 2130 percussit
365 2058 395 2109 ut
415 2067 508 2129 paene
529 2048 706 2108 concideret.
739 2048 781 2109 lta
802 2050 942 2110 balineum
963 2050 1004 2108 illi
1020 2050 1126 2127 quasi8

95 2152 151 2213 per
170 2133 275 2212 gradum
296 2134 431 2214 quosdam
451 2135 570 2212 primum
586 2132 772 2193 contumeliae
788 2132 880 2210 locus,
902 2133 1003 2193 deinde
1020 2133 1099 2191 exitii

93 2217 157 2278 fuit.
187 2216 267 2278 Vale.

568 2349 630 2412 XV.

49 2394 85 2447 ²⁵
322 2451 351 2504 c.
367 2451 493 2504 assutus
509 2449 590 2502 suro
606 2450 753 2503 aracusa
770 2448 829 2500 suo
846 2448 872 2500 s.

160 2556 238 2615 Petis
258 2564 288 2615 ut
303 2555 417 2616 libellos
433 2566 497 2616 tuos
510 2557 540 2615 in
554 2572 675 2616 secessu
690 2555 801 2632 legam,
819 2554 975 2613 examinem
990 2569 1025 2610 an
1040 2549 1121 2614 edi-1

94 2642 174 2700 tione
197 2641 253 2700 sint
275 2638 368 2716 digni,
391 2639 509 2700 adhibes
533 2656 654 2717 preces,
675 2638 793 2715 adlegas
813 2635 991 2714 exemplum;
1011 2651 1097 2709 rogas

96 2725 171 2783 enim
185 2733 219 2783 ut
238 2721 344 2802 aliquid
363 2723 499 2784 subsicivi
513 2725 651 2802 temporis
666 2723 765 2784 studiis
779 2724 849 2780 meis
865 2717 1040 2791 subtraham,
1056 2719 1097 2775 in·

49 2816 86 2874 30
96 2809 218 2886 peruiam
233 2808 305 2884 tuis,
329 2805 416 2868 adicis
437 2805 475 2880 ll.
492 2804 612 2866 Tullium
627 2807 696 2866 mira
710 2806 881 2882 benignitate
896 2806 1044 2881 poetarum
1057 2802 1097 2858 in·

92 2893 179 2970 genia
194 2889 314 2952 fovisse.
338 2889 396 2950 Sed
409 2907 468 2968 ego
480 2908 537 2949 nec
551 2888 695 2966 rogandus
711 2905 772 2948 sum
785 2905 841 2946 neo
852 2882 1018 2945 hortandus:
1033 2893 1122 2944 namu

93 2985 123 3036 et
138 2976 277 3055 poeticen
297 2975 388 3053 ipsam
409 2974 626 3052 religiosissime
640 2989 764 3033 veneror
779 2979 807 3030 et
822 2978 851 3029 te
866 2968 1041 3027 validissime
1057 2967 1097 3027 di·

92 3057 164 3136 ligo.
198 3056 311 3117 Faciam
332 3075 402 3135 ergo
419 3057 495 3137 quod
510 3057 656 3118 desideras
670 3066 725 3116 tam
741 3054 895 3130 diligenter
909 3069 991 3131 quarn
1006 3051 1096 3112 liben-

91 3150 147 3202 ter.
180 3139 291 3201 Videor
310 3150 404 3202 autern
424 3145 479 3201 iam
492 3158 568 3201 uunc
582 3157 672 3219 posse
686 3139 850 3199 rescribere
866 3154 932 3197 esse
947 3153 1020 3215 opus
1033 3134 1122 3214 pul-3

55 3226 196 3294 lichnum
216 3242 270 3284 uec
292 3225 539 3304 supprimendum,
567 3234 700 3302 quantum
726 3224 876 3282 aestimare
896 3221 974 3280 licuit
994 3238 1033 3278 ex
1053 3218 1097 3277 his

94 3324 167 3389 quae
183 3327 231 3369 me
245 3318 397 3387 praesente
411 3310 548 3384 recitasti,
566 3311 590 3368 si
604 3308 689 3367 modo
705 3305 771 3364 mihi
785 3322 841 3364 nou
856 3306 981 3383 inposuit
994 3304 1097 3360 recita·

92 3395 133 3454 tio
154 3403 218 3454 tua:
239 3393 315 3470 legis
338 3395 410 3451 enim
433 3395 598 3452 suavissime
612 3401 643 3450 et
658 3391 838 3470 peritissime.
871 3387 989 3448 Goniido
1005 3395 1109 3445 tamen

93 3492 139 3537 me
160 3493 219 3536 non
240 3477 283 3536 sic
302 3476 415 3535 auribus
439 3475 503 3535 duci
524 3485 555 3537 ut
577 3492 675 3536 omnes
696 3472 789 3532 aculei
809 3471 904 3532 iudicii
919 3472 974 3529 mei
988 3469 1097 3528 iliarum
