2400 3840
389 194 649 256 EPISTULARUM
662 193 739 255 vlll.
758 205 783 258 7.
1031 196 1093 262 159

91 366 157 408 nem
174 346 331 427 praepositi
346 364 440 407 rerum
454 348 516 408 eius
532 366 616 407 curae
630 357 766 427 possent,
791 358 820 408 et
833 347 965 410 Pallantis
980 361 1092 429 specta·

92 432 200 493 tissima
216 430 288 491 fides
304 430 395 508 adqne
410 432 570 492 innocentia
585 430 718 510 exemplo
728 448 887 510 provocare
901 432 1023 494 studium
1036 443 1092 494 tam

91 514 231 575 honestae
244 513 437 575 aemulationis
446 523 558 592 posset,
573 533 608 574 eu
617 532 688 593 quae
699 513 735 573 X.
747 512 809 575 llal.
824 514 1002 594 Februarias,
1019 536 1091 595 quae

92 599 238 678 proximae
252 596 391 675 fuissent,
411 599 440 658 in
458 595 631 677 amplissimo
648 598 746 657 ordine
760 599 882 677 optimus
897 601 1032 680 princeps
1046 619 1092 660 re·

67 682 211 744 deitasset
228 689 400 759 senatusque
419 679 548 741 consulta
568 680 604 741 de
618 682 652 741 iis
667 680 754 741 rebus
770 681 845 742 facta
861 683 889 741 in
903 701 970 743 aere
985 684 1091 743 incide·

91 774 200 842 rentur,
218 763 304 843 idque
318 782 368 824 nee
383 763 519 841 figeretur
533 763 569 825 ad
582 773 700 825 statuam
711 763 856 826 loricatum
868 763 924 825 divi
934 763 1019 826 lulii’.
1040 765 1133 831 l’a·'ld

91 866 153 908 rnm
165 849 257 907 risum
271 855 408 907 tantorum
424 846 597 907 dedecorum
613 865 680 908 esse
696 848 800 908 curiam
820 857 937 909 testem:
961 847 1091 910 delectus

92 940 139 993 est
153 929 358 992 celeberrimus
372 929 471 1007 locus,
486 931 515 989 iu
530 947 587 1010 qno
601 929 723 1008 legenda
739 933 955 1010 praesentibus,
970 931 1092 1010 legenda

91 1015 194 1076 futuris
211 1014 407 1093 proderentur.
436 1012 544 1074 Placuit
558 1032 626 1075 aere
643 1015 747 1091 signari
761 1032 860 1076 omnes
874 1015 998 1076 honores
1014 1015 1092 1077 fasti·

50 1098 245 1167 lodiosissimi
256 1099 399 1176 mancipii,
415 1115 545 1176 quosque
559 1097 738 1178 repudiasset
754 1116 895 1177 quosque,
912 1107 1043 1178 quamnm
1057 1097 1092 1159 ad

93 1182 275 1243 decernentis
291 1183 425 1261 pertinet,
441 1182 591 1259 gessisset.
618 1179 711 1242 lncisa
724 1191 753 1242 et
767 1181 907 1261 insculpta
921 1192 985 1243 sunt
1000 1181 1091 1261 publi-

93 1265 137 1325 cis
151 1266 332 1344 aeternisque
346 1266 533 1325 monumentis
549 1266 690 1343 praetoria
705 1274 865 1326 ornamenta
880 1265 1029 1341 Pallantis,
1049 1267 1092 1326 sic

93 1350 175 1427 quasi
189 1348 306 1409 foedera
321 1351 443 1427 antiqua,
459 1350 502 1409 sic
516 1350 596 1426 quasi
611 1365 709 1408 sacrae
724 1346 816 1425 leges.
839 1347 925 1408 Tanta
942 1350 1090 1428 principis,
1101 1364 1133 1415 15

91 1440 169 1492 tauta
191 1441 323 1509 senatus,
349 1440 424 1493 tanta
444 1429 576 1491 Pallantis
597 1431 687 1509 ipsius
717 1465 750 1476 -
776 1431 842 1510 quid
864 1431 954 1492 dicam
978 1433 1089 1507 nescio,

49 1520 84 1575 15
93 1517 176 1596 qnasi
186 1515 295 1576 vellent
314 1517 343 1575 in
357 1514 449 1576 oculis
465 1516 587 1574 emnium
609 1514 672 1591 ligi,
695 1513 787 1574 l’allus
806 1513 984 1575 insolentiam
1002 1532 1091 1591 suam,

91 1600 255 1679 patientiam
271 1597 393 1676 Caesar,
414 1596 597 1658 humilitatem
610 1606 735 1658 senatus.
765 1596 828 1658 Nec
843 1598 941 1676 puduit
954 1600 1114 1659 rationem·

92 1682 257 1762 turpitudini
280 1682 455 1759 obtendere,
484 1681 630 1758 egregiam
652 1680 765 1758 quidem
786 1680 988 1761 pulchramque
1007 1683 1092 1743 ratio·

87 1773 175 1843 nem,
190 1774 221 1826 ut
242 1765 374 1845 exemplo
393 1763 526 1826 Pallantis
541 1765 728 1842 praemiorum
744 1764 779 1825 ad
795 1765 917 1826 studium
931 1764 1092 1826 aemulatio·

91 1851 137 1910 nis
162 1851 253 1909 ceteri
273 1858 507 1928 provocarentur.
542 1847 584 1907 lla
606 1846 744 1908 bonorum
763 1848 857 1910 vilitas
880 1859 957 1927 erat,
980 1849 1135 1921 illorumufi
1174 1842 1176 1847 ’

48 1934 177 1995 nostiam
193 1949 266 2011 quos
280 1930 371 1993 Pallas
391 1950 448 1992 non
462 1930 673 2008 dedignabatur.
703 1929 921 1992 Inveniebantur
934 1943 1027 1993 tamen
1041 1932 1092 1991 bo·

91 2026 177 2078 nesto
196 2016 264 2076 loco
284 2018 340 2076 nati
360 2017 408 2094 qui
430 2023 563 2094 peterent
585 2022 779 2093 cuperentque
801 2017 877 2093 quod
898 2015 955 2075 dari
976 2016 1091 2090 liberto,

91 2101 219 2181 promitti
234 2101 326 2160 servis
338 2098 480 2158 videbant.
502 2097 592 2170 Quam
606 2099 681 2157 iuvat
696 2097 772 2175 qnod
786 2099 815 2157 in
828 2108 956 2177 tempora
971 2098 1019 2158 illa
1034 2112 1135 2168 nou17

90 2183 196 2261 incidi,
217 2183 336 2262 quoru'm
351 2184 395 2243 sic
409 2199 454 2241 me
470 2190 609 2259 tamquam
623 2179 680 2240 illis
699 2181 817 2240 vixerim
839 2180 939 2259 pudet!
961 2180 1025 2241 Non
1041 2180 1090 2239 du·

91 2267 153 2329 bito
171 2267 300 2328 similiter
315 2265 398 2326 adlici
411 2276 449 2326 te.
483 2264 550 2325 Scio
571 2281 653 2342 quam
673 2265 709 2324 sit
730 2265 780 2325 tibi
800 2266 882 2325 vivus
904 2274 933 2325 et
953 2267 1092 2343 ingenuus

49 2353 216 2420 tianimum
234 2350 299 2410 ideo
315 2347 426 2411 facilins
440 2356 485 2409 est
499 2356 529 2407 ut
543 2365 605 2424 me,
622 2363 787 2426 quamquam
802 2350 1021 2427 indignationem
1032 2349 1092 2428 qui-

92 2433 211 2495 busdam
224 2435 253 2494 in
268 2433 341 2495 locis
356 2433 479 2495 fortasse
494 2430 566 2491 ultra
581 2428 721 2509 epistulae
736 2431 849 2493 modum
864 2433 1028 2510 extulerim,
1045 2450 1093 2510 pa-

56 2517 60 2523 ’
90 2536 153 2580 rum
169 2516 297 2579 doluisse
313 2533 395 2596 quam
408 2517 490 2576 nimis
507 2513 618 2575 credas.
647 2511 731 2575 Vale.

562 2646 624 2706 vll.

51 2772 86 2828 30
382 2747 408 2798 c.
426 2746 549 2798 numius
567 2744 683 2796 uncum
699 2743 760 2795 suo
779 2744 806 2794 s

155 2849 258 2928 Neque
274 2858 304 2910 ut
319 2849 454 2927 magistro
468 2849 604 2925 magister
623 2862 718 2923 neque
735 2850 766 2902 ut
782 2841 921 2920 discipulo
936 2840 1092 2920 discipulus
1106 2855 1118 2906 1

93 2935 154 3015 (sic
165 2935 240 2994 enim
251 2931 381 3010 scribis),
398 2930 450 2993 sed
464 2941 495 2990 ut
509 2927 650 3007 discipulo
660 2929 797 3004 magister
809 2927 887 3003 (nam
902 2933 932 2984 tu
946 2924 1092 3003 magister,

92 3033 151 3096 ego
164 3026 278 3086 contra;
292 3015 384 3094 adque
399 3014 471 3074 adeo
486 3015 556 3074 tuin
570 3010 698 3074 scholam
708 3025 847 3086 revocas,
864 3025 920 3085 ego
939 3006 1030 3068 adbuc
1044 3007 1094 3068 Sa·

93 3100 214 3162 turnalia
228 3098 370 3177 extendo)
385 3096 487 3158 librum
500 3097 611 3158 misisti.
639 3093 713 3155 Num
726 3093 805 3172 potui
820 3091 933 3168 lougius
952 3091 1119 3170 hyperbu·2

51 3194 142 3251 eston
155 3184 254 3244 iacere
269 3182 362 3262 adque
376 3181 432 3241 hoc
443 3183 508 3260 ipso
523 3180 645 3259 probare
661 3196 726 3238 eum
740 3193 807 3236 esse
817 3193 867 3236 me
880 3176 927 3254 qui
942 3191 999 3235 non
1009 3175 1093 3235 modo

92 3269 231 3346 magister
244 3276 309 3327 tuus
324 3265 378 3326 sed
393 3283 431 3325 ue
446 3263 601 3345 discipulus
619 3263 732 3342 quidem
747 3259 866 3320 debeam
881 3255 957 3319 dicii
983 3256 1094 3319 Sumam

94 3361 189 3413 tamen
200 3367 352 3428 personam
365 3349 491 3426 magistri
509 3364 696 3426 exseramque
710 3345 738 3403 in
752 3342 853 3404 libmm
867 3353 944 3405 tunm
958 3343 1001 3401 ius
1018 3339 1094 3418 quod
