2400 3840
85 296 161 356 illam
178 291 262 368 mihi,
285 289 333 351 illa
362 287 438 367 quod
458 305 503 348 me
524 286 578 349 sibi
593 285 723 365 dederis,
746 286 828 367 qnasi
848 287 974 349 invicem
994 287 1081 366 elege-
1151 317 1157 357 ι

310 603 337 655 o.
356 599 480 654 nunnius
499 502 741 651 solidorum
761 599 820 652 suo
840 601 867 652 s.
1087 629 1100 681 5
1152 666 1157 683 „

61 704 225 780 lQuid
239 705 377 766 senserim
395 704 431 764 de
445 701 566 780 singulis
584 704 639 762 tuis
654 701 733 762 libris
747 711 847 762 notum
860 702 934 779 tlbl,
950 711 983 762 ut
997 718 1082 782 quom·

61 717 142 870 lque
162 790 352 869 perlegeram,
376 788 448 847 ieci:
473 787 575 864 accipe
589 803 664 845 nunc
680 784 798 864 quidde
813 786 1083 864 universisgenera·

60 874 151 937 ‘iliter
165 874 297 935 iudicem.
320 871 373 933 Est
389 889 462 950 opus
477 868 635 948 pulchrum,
650 868 876 968 validomano,
893 868 1083 947 sublimata

85 961 157 1019 rium
166 958 330 1037 ,elegans,
353 971 472 1035 purum,
499 953 665 1031 ligurbtum,
687 953 844 1032 spatiosum
867 955 955 1014 etiam
975 963 1006 1014 et
1030 968 1084 1014 cnm

86 1004 915 1198 touilltldldll?dimidiabit-ll
929 1035 1114 1182 llllbltl

63 1208 152 1271 oluit.
172 1206 243 1267 Nam
258 1206 350 1267 dolori
367 1203 567 1268 sublimitatem
582 1213 611 1264 et
625 1204 885 1281 magnificentiam'
876 1206 1035 1283 ingenium,
1050 1205 1085 1264 in·

87 1292 174 1370 genio
189 1293 246 1351 vim
261 1300 290 1352 et
307 1289 517 1353 amaritudinem
531 1285 613 1347 dolor
628 1286 742 1348 addidit.
773 1287 855 1349 Vale.

550 1420 628 1482 xxi.

316 1522 343 1577 c.
361 1521 486 1573 numus
501 1519 598 1572 vnum
618 1518 746 1568 cunum
763 1515 824 1569 suo
843 1519 869 1570 S.

64 1606 79 1656 1
148 1624 271 1684 Tristem
286 1630 315 1682 et
328 1622 463 1682 acerbum
478 1638 573 1681 casum
589 1618 781 1679 Helvidiarum
798 1621 945 1683 sororum!
967 1623 1085 1702 Utraque

64 1686 104 1767 2ι
127 1715 223 1785 partu,
247 1715 368 1784 utraque
388 1703 472 1764 liliam
493 1706 575 1764 enixa
596 1703 734 1765 decessit.
763 1702 893 1765 Adlicior
914 1705 1018 1767 dolore
1038 1723 1086 1767 nec

87 1798 180 1850 tamen
198 1807 283 1868 supra
298 1786 410 1847 modum
425 1787 525 1848 doleo:
547 1789 586 1848 ita
608 1787 676 1847 mibi
698 1787 858 1849 luctuosum
879 1790 996 1851 videtur
1018 1787 1087 1870 quod

87 1870 198 1953 puellus
215 1872 430 1934 honestissimas
452 1874 480 1932 in
500 1872 571 1932 llore
594 1874 683 1951 primo
700 1871 858 1933 lecnnditas
875 1873 1003 1936 abstulit
1036 1874 1086 1933 An·
1077 1884 1119 1937 do

87 1975 142 2037 gor
156 1957 300 2017 infantium
314 1966 412 2036 sorte,
434 1974 507 2036 quae
527 1965 591 2019 sunt
611 1956 774 2034 parentibus
795 1959 889 2018 statim
910 1967 941 2018 et
964 1958 1030 2018 dum
1044 1975 1086 2019 na·

88 2051 206 2104 scuntur
216 2042 342 2119 orbatae,
358 2059 448 2119 angor
459 2043 629 2121 optimorum
639 2041 811 2119 maritorum,
826 2059 918 2119 angor
930 2044 1018 2104 etlam
1028 2058 1086 2104 meo
1154 2060 1157 2105 ι

60 2129 210 2192 onomius
242 2127 312 2187 Nam
329 2135 438 2224 patrem
457 2126 566 2187 illarum
588 2123 752 2185 defunctum
772 2141 887 2204 quoque
901 2144 1086 2205 perseveran-
1155 2134 1157 2199 ἶ

88 2214 198 2273 tissime
214 2210 313 2288 diligo,
330 2219 362 2269 ut
376 2212 488 2268 notione
501 2227 565 2268 mea
579 2207 718 2284 librisque
733 2217 865 2270 testatum
880 2219 941 2281 est;
959 2214 1007 2272 cui
1018 2228 1086 2272 nunc
1155 2228 1157 2277 ῑ

88 2312 161 2353 unus
176 2292 316 2353 extribus
333 2290 431 2351 liberis
451 2298 586 2371 superest
606 2289 776 2369 domumque
793 2292 922 2371 pluribus
938 2295 1157 2356 adminicuto

65 2374 125 2439 dlis
144 2374 228 2454 paulo
241 2383 306 2434 ante
321 2373 460 2434 fundatam
476 2373 621 2436 desolatus
635 2374 716 2436 fulcit
730 2394 764 2436 ac
778 2379 907 2440 sustinet.
930 2378 1037 2458 Magno
1051 2389 1088 2440 ta·

86 2476 152 2518 men
164 2457 290 2517 lomento
308 2455 393 2516 dolor
405 2476 485 2518 meus
499 2458 676 2538 adquiescet,
692 2460 717 2520 si
734 2458 808 2520 hune
825 2461 926 2522 saltem
941 2463 1048 2526 fortem
1062 2471 1088 2522 et

86 2541 258 2602 incolumem
279 2557 433 2620 paremque
457 2542 498 2604 illi
524 2545 613 2622 patri,
637 2542 678 2602 illi
703 2560 757 2603 avo
783 2545 895 2606 fortuna
921 2555 1087 2608 servaverit.

89 2623 177 2688 Cuius
200 2643 257 2703 ego
277 2642 331 2706 pro
352 2624 462 2705 salute,
491 2646 544 2707 pro
570 2627 696 2688 moribus
717 2625 774 2689 hoc
796 2647 859 2690 sum
879 2632 971 2708 magis
991 2633 1087 2693 annius

1092 1467 1116 1523 li

60 2712 164 2791 tquod
179 2712 280 2772 unicus
298 2710 390 2771 lactus
413 2721 466 2772 est.
498 2711 582 2774 Nosti
603 2713 632 2772 in
649 2727 744 2772 amore
765 2712 910 2774 mollitiam
924 2717 1008 2775 animi
1022 2717 1122 2793 neimo

87 2799 162 2858 nosti
177 2806 284 2866 metns;
300 2811 357 2874 quo
374 2797 465 2857 minus
482 2805 512 2857 te
528 2797 620 2857 mirari
636 2795 781 2873 oportebit
796 2798 872 2876 qnod
889 2797 1040 2874 plurimum
1055 2800 1088 2861 ti·

87 2896 177 2940 meam
194 2879 230 2940 de
244 2897 300 2959 quo
313 2879 463 2960 plurimum
478 2897 576 2958 spero.
607 2878 688 2938 Vale.

545 3009 636 3072 xxu.

293 3111 318 3162 o.
336 3109 459 3163 numius
478 3108 659 3162 snmrnomo
675 3109 759 3162 nuso
778 3110 837 3163 suo
855 3110 881 3161 S.
1095 3138 1123 3194 ,5

63 3221 77 3277 1
146 3210 264 3274 Interfui
284 3215 420 3294 principis
441 3211 539 3292 optimi
562 3211 733 3291 cognitioni,
755 3215 784 3274 in
805 3213 956 3275 consilium
978 3218 1088 3278 adsum·

86 3305 163 3376 ptus
187 3294 339 3372 Gymnicus
350 3314 424 3376 agon
436 3296 511 3376 apud
521 3294 700 3355 Viennenses
713 3314 751 3356 ex
762 3298 906 3359 cuiusdam
917 3307 1088 3362 testamento

87 3377 293 3443 celebrabatur
320 3379 400 3441 Hunc
416 3378 575 3441 Trebonius
588 3374 763 3457 Rufinus,
736 3400 779 3442 mr
796 3384 931 3461 egreglus
947 3385 1088 3464 nobisque
