2400 3840
108 204 171 272 298
337 205 371 268 C.
393 205 489 268 1¹1le
511 202 777 267 rnduoimcos
797 214 841 271 95.

108 361 186 424 teriri
201 361 236 422 ab
251 362 359 439 optimo
374 377 431 420 non
446 359 549 437 potuit.
580 357 623 415 Tu
638 356 714 416 clara
728 358 826 419 indicii
842 361 883 421 tui
905 360 987 438 signa
1000 362 1111 439 misisti,

109 464 172 507 eum
188 443 382 523 proficiscenti
398 443 433 503 ad
448 443 606 502 exereitum
619 450 670 501 tuo
685 444 816 520 nomine,
833 452 882 504 tuo
896 444 1006 506 bonore
1026 449 1113 508 cessi-

108 532 155 591 sti.
177 527 219 589 ru
235 545 310 589 vooe
325 527 504 605 imperatoris
520 524 587 604 quid
601 525 725 584 sentires
740 525 872 606 loeutus,
888 528 974 588 lilium
988 529 1046 608 illi,
1063 547 1113 589 no-

107 613 151 675 bis
167 621 331 693 parentem,
354 612 404 672 tibi
423 611 587 689 pontificem
603 611 752 669 maximum
773 609 900 689 elegisti.
930 612 993 686 Quo
1008 616 1113 673 maiore

107 696 209 757 fiducia
228 695 319 757 isdem
342 693 398 754 illis
416 695 492 755 votis
508 710 581 772 quae
597 694 662 771 ipse
679 709 731 770 pro
749 712 782 754 se
799 700 956 775 nuncupari
970 698 1049 758 iubet
1064 710 1136 758 orob

106 789 136 842 et
151 782 297 855 obtestor,
314 780 338 838 si
354 780 428 839 bene
446 795 507 838 rem
523 775 684 854 publicam,
705 778 730 836 si
745 796 783 837 ex
796 779 916 840 utilitate
935 784 1057 841 omnium
1069 801 1113 842 re·

105 865 164 943 git,
182 866 300 944 primum
312 871 343 922 ut
361 862 439 923 illum
450 861 604 940 nepotibus
616 860 722 921 nostris
733 879 767 921 ae
779 866 988 943 pronepotibus
1001 882 1112 944 serves,

108 947 212 1009 deinde
229 957 260 1009 ut
278 946 447 1025 quandoque
465 960 665 1005 suscessorem
684 945 711 1003 ei
733 945 841 1006 tribuas
863 965 948 1026 quem
963 951 1112 1027 ¹gennerit,

108 1032 383 1110 quemformaverit,
402 1028 581 1106 similemque
593 1027 695 1087 leeerit
705 1027 854 1108 adoptato,
874 1041 922 1093 aut
941 1034 965 1092 si
982 1033 1038 1093 boe
1056 1034 1112 1093 lato

107 1124 243 1191 negatur,
261 1117 289 1172 in
308 1113 428 1173 oonsilio
445 1113 486 1171 sis
502 1111 638 1188 eligenti,
656 1120 798 1174 monstres
815 1113 938 1193 aliquem
951 1135 1035 1196 quem
1047 1117 1152 1180 ado-10

106 1199 179 1275 ptari
192 1199 219 1256 iu
231 1193 373 1273 Capitolio
392 1195 503 1255 densat.

53 1288 93 1353 95
168 1280 276 1355 Vobis,
297 1289 393 1358 patres
412 1278 584 1356 conscripti,
605 1287 738 1356 quantum
756 1279 877 1341 debeam
894 1282 1019 1360 publicis
1032 1286 1113 1344 etiam

104 1366 292 1426 monumentis
305 1365 474 1424 continetur.
484 1362 545 1423 Vos
557 1360 623 1420 mibi
635 1363 663 1421 in
670 1363 810 1424 tribunatu
820 1367 936 1444 quietis,
947 1370 976 1426 in
982 1376 1112 1446 praetum

104 1449 280 1526 modestiae,
293 1467 348 1510 ros
360 1449 388 1507 in
406 1449 467 1508 istis
480 1445 583 1506 officiis
596 1447 680 1507 etiam
692 1465 764 1524 quae
777 1468 794 1508 e
806 1448 906 1510 studiis
919 1453 1025 1510 nostris
1039 1453 1113 1512 eirea

103 1533 227 1594 tuendos
253 1535 350 1593 snoios
371 1531 555 1591 iniunxeratis
576 1530 671 1590 euneti
692 1534 867 1593 constantiae
890 1535 1113 1614 antiquissimum
1122 1547 1152 1598 15

104 1617 296 1677 testimouium
312 1615 509 1694 perhibuistis.
530 1612 590 1672 Vos
608 1614 737 1690 proxime
749 1615 967 1679 destinationem
983 1618 1113 1680 consula·

104 1709 149 1761 tus
168 1702 225 1760 mei
240 1699 283 1758 bis
302 1699 552 1760 adclamationibus
568 1696 776 1775 adprobavistis
794 1709 824 1759 ut
847 1701 1013 1780 intellegam
1031 1705 1113 1764 etiarn

104 1793 189 1862 atque
208 1785 291 1843 etiam
310 1783 471 1844 enitendum
487 1781 555 1841 mibi
571 1789 603 1840 nt
619 1780 694 1839 buno
713 1799 884 1844 eonsensum
901 1796 1029 1847 vestrum
1047 1805 1112 1846 eon·

104 1865 216 1945 plectar
227 1874 256 1926 et
273 1874 385 1927 teneam
397 1875 427 1926 et
444 1867 473 1924 in
491 1863 553 1924 dies
571 1880 700 1941 augeam.
723 1864 836 1927 Etenim
847 1869 960 1929 memini
977 1879 1043 1930 tune
1062 1889 1112 1930 re·

103 1950 215 2011 rissime
233 1949 350 2010 iudicari
367 1948 502 2009 meruerit
523 1948 586 2027 quis
604 1946 742 2010 bonorem
760 1969 814 2011 nee
831 1971 885 2031 ne,
910 1970 973 2013 eum
990 1953 1110 2031 adeptus
1119 1964 1154 2018 20

104 2044 160 2095 est.
180 2033 241 2096 Vos
256 2033 340 2094 modo
358 2035 454 2094 favete
465 2033 532 2092 buin
543 2034 694 2109 proposito
707 2042 736 2093 et
753 2035 880 2113 credite,
899 2040 924 2097 si
943 2055 1028 2098 eursu
1042 2055 1111 2116 quo·

104 2117 167 2178 dam
178 2127 335 2197 prouentus
347 2120 382 2179 ab
394 2117 445 2177 illo
464 2115 681 2176 insidiosissime
695 2119 825 2196 principe
842 2128 906 2180 aute
926 2139 1008 2199 quam
1026 2122 1112 2199 proli·

103 2211 212 2262 teretur
228 2201 324 2262 odium
342 2203 497 2276 bonorum,
517 2209 667 2278 postquam
685 2201 834 2276 professus
853 2213 914 2281 est,
934 2206 1065 2283 substiti,
1085 2215 1113 2266 et

105 2303 168 2344 enm
179 2286 306 2347 riderem
318 2304 391 2364 quae
402 2285 437 2346 ad
448 2285 573 2344 bonores
586 2283 745 2361 conpendia
763 2295 909 2364 paterent,
929 2288 1044 2367 longius
1058 2291 1113 2350 iter

102 2369 200 2438 malui;
218 2371 242 2429 si
254 2370 334 2430 malis
346 2367 523 2448 temporibus
536 2368 610 2426 inter
619 2375 744 2430 maestos
756 2379 785 2429 et
802 2380 957 2450 paventes,
978 2374 1060 2433 bonis
1071 2375 1111 2432 in·
1120 2382 1152 2434 25

103 2460 147 2511 ter
159 2469 278 2512 securos
291 2452 507 2531 gaudentesque
519 2467 667 2520 numeror;
686 2452 711 2510 si
728 2452 852 2533 denique
864 2456 1010 2517 intantum
1022 2456 1110 2533 diligo

104 2535 238 2611 optimum
249 2536 446 2613 prinoipemin
459 2543 592 2613 qnantum
606 2534 714 2595 inrisus
731 2540 858 2614 pessimo
870 2538 920 2598 lui.
945 2538 1010 2617 Ego
1027 2558 1110 2600 reve·

102 2618 212 2679 sentiae
227 2627 342 2679 vestrae
359 2619 402 2678 sie
415 2633 530 2696 semper
545 2617 711 2694 inserviam,
730 2638 787 2680 non
803 2631 833 2681 ut
851 2640 896 2682 me
915 2623 1065 2686 consulem
1082 2633 1112 2685 et

101 2720 168 2764 mox
180 2700 377 2781 onnsnlarem,
390 2702 442 2763 sed
453 2710 484 2761 ut
495 2699 671 2761 candidatum
683 2705 847 2767 consulatus
859 2715 965 2785 putem.
