2400 3840
386 202 650 267 ruuuotutcus
670 211 715 268 63.
726 211 770 267 64.
781 212 824 266 65.
1041 201 1104 265 279

95 371 254 424 senatores.
285 361 418 438 Plerique
433 366 600 419 tamennon
613 365 668 416 tam
684 357 817 434 superbia
833 375 915 437 quam
932 365 1010 417 metu
1032 373 1103 436 quo·

95 447 158 506 dam
169 444 426 507 summovebantur.
440 441 485 501 An
496 451 660 520 stuprorum
670 440 725 500 sibi
736 443 965 519 incestarumque
977 441 1102 500 noctium

95 531 222 605 conscii,
244 530 372 606 auspicia
387 523 519 604 polluere
534 534 730 603 sacratumque
747 541 875 600 campum
888 523 1000 583 nefario
1015 523 1101 585 aude·

93 622 157 673 rent
178 615 367 673 contaminare
387 605 535 687 vestigio?
561 607 626 668 Non
645 607 718 669 adeo
740 608 811 668 deos
827 606 1015 685 hominesque
1032 627 1100 668 con·

68 705 286 775 ntempserant,
305 704 336 754 ut
350 695 378 754 in
393 693 441 753 illa
454 694 669 771 speciosissima
687 690 758 752 sede
770 692 913 751 bominum
925 691 1101 771 deorumque

94 783 243 840 coniectos
264 783 292 840 in
314 798 347 839 se
370 777 471 838 oeulos
487 776 564 837 lerre
579 795 613 837 ac
631 777 744 854 perpeti
759 784 888 854 possent.
924 774 987 834 l'ibi
1004 784 1101 842 eontra

93 873 123 923 et
134 865 290 924 moderatio
305 872 352 922 tua
366 862 455 922 suasit
469 870 499 922 et
512 863 647 922 sanctitas
661 869 691 920 ut
701 869 730 920 te
748 869 777 920 et
791 858 924 937 religioni
940 859 1057 919 deorum
1071 868 1101 920 et

92 946 204 1008 iudiciis
219 947 362 1008 bominum
375 945 539 1006 exhiberes.
571 944 629 1004 Alii
650 943 827 1005 consulatum
841 953 906 1004 ante
925 959 1008 1023 quam
1023 944 1098 1003 acci·
1109 938 1156 1006 64

93 1040 212 1108 perent,
240 1041 321 1093 tuot
343 1031 407 1092 dum
429 1031 538 1108 accipis
552 1030 689 1089 meruisti.
723 1027 840 1089 Peracta
855 1038 935 1089 erant
951 1026 1100 1090 sollemnia

51 1124 85 1175 10
94 1115 287 1194 comitiorum,
313 1117 338 1176 si
359 1115 516 1192 principem
539 1115 699 1192 cogitares,
727 1114 838 1191 iamque
854 1131 888 1174 se
909 1114 998 1173 omnis
1018 1111 1114 1172 turba·

94 1208 302 1277 commoverat,
331 1216 394 1258 cum
413 1207 442 1257 tu
463 1199 628 1259 mirantibus
651 1199 762 1259 cunctis
783 1197 900 1257 accedis
921 1196 957 1256 ad
972 1195 1100 1257 consulis

93 1280 210 1358 sellam,
226 1280 395 1358 adigendum
410 1291 439 1342 te
454 1282 576 1359 praebes
589 1283 619 1340 in
629 1281 717 1340 verba
731 1282 907 1359 principibus
915 1282 1029 1358 ignota,
1045 1279 1100 1340 nisi

94 1382 156 1423 oum
171 1365 264 1423 iurare
280 1373 420 1441 cogerent
430 1363 513 1424 alios.
534 1364 624 1424 Vides
635 1382 718 1442 qnam
729 1364 923 1424 necessarium
934 1362 1019 1424 luerit
1032 1379 1099 1422 con·

92 1447 212 1508 sulatum
222 1464 279 1507 non
291 1465 435 1507 recusare.
457 1445 521 1507 Non
534 1455 712 1524 putassemus
724 1446 799 1507 istud
810 1457 840 1507 te
848 1446 986 1508 iacturum
997 1445 1098 1522 luisse,

50 1533 117 1594 lesi
137 1549 315 1592 recusasses.
353 1531 480 1609 Stupeo,
509 1540 605 1608 patres
627 1532 798 1608 conscripti,
823 1530 946 1590 necdum
966 1532 1035 1590 satis
1051 1538 1100 1589 aut

93 1615 186 1676 oculis
204 1617 274 1676 meis
297 1625 344 1676 aut
364 1616 478 1675 auribus
500 1613 602 1690 oredo,
623 1623 709 1693 atque
725 1612 880 1675 identidem
894 1632 940 1674 me
955 1631 988 1673 an
1003 1613 1098 1674 audie·

92 1700 162 1776 rim,
186 1718 221 1759 an
240 1699 359 1758 viderim
379 1700 536 1776 interrogo.
570 1697 727 1777 imperator
743 1715 814 1775 ergo
831 1708 861 1758 et
875 1695 982 1758 Caesar
997 1706 1026 1758 et
1042 1696 1099 1757 Au·

92 1793 193 1860 gustus
207 1792 237 1844 et
251 1782 382 1861 pontifex
402 1785 538 1844 maxianus
553 1785 632 1843 stetit
647 1792 711 1844 ante
726 1784 865 1860 gremium
883 1780 1028 1860 consulis,
1051 1801 1098 1843 se·

92 1866 190 1946 ditque
205 1867 305 1928 consul
320 1868 450 1945 principe
466 1876 531 1927 ante
547 1885 579 1926 se
595 1875 705 1944 stante,
724 1876 754 1927 et
775 1865 848 1927 sedit
862 1866 1035 1942 inturbatus,
1057 1867 1096 1925 in·

48 1953 225 2027 aeternitas,
240 1960 269 2010 et
283 1961 422 2030 tamquam
437 1953 474 2010 ita
490 1951 551 2010 ticri
565 1949 684 2010 soleret.
709 1950 783 2023 Quin
796 1947 879 2010 etiam
894 1950 1000 2010 sedens
1015 1967 1098 2026 prue-

91 2036 141 2092 ivit
155 2034 365 2112 iusiurandum,
383 2043 412 2094 et
422 2033 472 2094 ille
483 2035 594 2110 iurarit,
610 2035 765 2112 expressit,
781 2032 999 2112 explanavitque
1010 2032 1099 2092 verba

91 2118 194 2195 quibus
218 2127 303 2196 caput
319 2135 415 2194 suurn,
439 2116 549 2177 domurn
563 2135 658 2195 sunm,
683 2117 708 2178 si
723 2119 819 2178 sciens
834 2116 1007 2193 fefellisset,
1030 2115 1098 2176 deo·

90 2219 151 2259 rum
169 2202 228 2261 irae
245 2210 439 2262 consecraret.
463 2199 585 2280 Ingens,
599 2198 722 2278 caesar,
740 2210 769 2262 et
783 2219 834 2280 par
849 2200 941 2279 gloria
955 2208 1019 2277 tna,
1036 2202 1097 2260 sive

91 2285 214 2344 iecerint
231 2285 306 2345 istud
320 2294 423 2363 postea
439 2286 584 2364 principes
599 2286 661 2346 sive
676 2302 732 2344 non
748 2285 878 2345 fecerint.
912 2283 1012 2344 Ullane
1029 2285 1097 2343 satis

48 2379 83 2430 25
93 2368 176 2446 digna
192 2369 365 2448 praedicatio
381 2377 427 2429 est
438 2369 512 2429 idem
526 2372 611 2429 tertio
627 2367 773 2429 consulem
785 2368 893 2429 iecisse
905 2366 982 2446 quod
995 2369 1096 2446 primo,

92 2452 165 2512 idern
189 2456 348 2533 principem
368 2452 444 2532 quod
465 2454 620 2531 privatum,
647 2452 721 2513 idern
736 2453 936 2532 imperatorem
952 2451 1029 2530 quod
1043 2451 1097 2512 sub

92 2535 286 2614 imperatore?
312 2535 421 2599 Nescio
440 2539 510 2615 iam,
536 2538 637 2598 nescio
659 2535 843 2615 pulebriusne
867 2539 904 2597 sit
924 2535 1000 2596 istud
1020 2535 1097 2615 quod

92 2631 248 2696 praeeunte
262 2620 358 2699 nullo,
373 2641 407 2681 an
422 2620 479 2681 boc
494 2620 571 2700 quod
584 2620 641 2682 alio
656 2630 811 2700 praeeunte
826 2622 934 2681 iurasti.
953 2619 986 2679 ln
996 2621 1096 2679 rostris
1108 2611 1152 2677 65

92 2720 207 2780 quoque
228 2706 311 2765 simili
331 2705 473 2783 religione
493 2707 557 2783 ipse
578 2715 607 2766 te
629 2704 746 2782 legibus
775 2704 938 2779 subiecisti,
971 2702 1097 2779 legibus,

48 2795 84 2849 30
94 2782 216 2864 caesar,
241 2806 310 2866 quas
329 2806 413 2848 nemo
429 2790 551 2867 principi
565 2790 691 2867 scripsit.
717 2786 776 2847 Sed
790 2796 819 2845 tu
835 2786 903 2847 nihil
919 2785 1040 2862 amplius
1054 2786 1098 2843 vis

91 2869 141 2927 tibi
156 2869 246 2929 licere
263 2889 345 2949 quam
359 2872 456 2932 nobis:
477 2873 519 2931 sic
539 2873 614 2931 litut
630 2888 684 2930 nos
698 2872 748 2930 tibi
762 2868 828 2948 plus
845 2869 976 2929 uelimus.
1013 2867 1098 2940 Quod

92 2970 149 3029 ego
164 2971 238 3013 nune
253 2955 372 3033 primum
388 2954 487 3031 audio,
501 2972 576 3015 nunc
593 2955 710 3033 primum
722 2953 819 3030 disco,
836 2971 893 3013 non
906 2961 951 3013 est
962 2953 1097 3031 princeps

91 3054 180 3113 super
193 3035 289 3116 leges,
307 3039 358 3100 sed
373 3036 457 3116 leges
471 3056 560 3118 super
570 3039 743 3116 principem,
758 3037 890 3115 idemque
902 3033 1018 3097 Caesari
1030 3054 1097 3096 con·

92 3119 147 3179 suli
163 3121 238 3199 quod
256 3124 361 3183 ceteris
376 3139 432 3182 non
447 3121 525 3184 licet.
559 3121 634 3183 lurat
648 3124 677 3182 in
692 3122 788 3200 legem
802 3121 1011 3182 attendentibus
1028 3120 1097 3188 diis;

48 3213 82 3266 35
92 3221 155 3263 nam
177 3207 222 3264 cui
242 3207 331 3282 magis
353 3224 436 3284 quam
458 3203 573 3266 caesari
596 3203 759 3267 attendant?
788 3208 859 3266 iurat
881 3205 1097 3268 observantibus

91 3289 125 3346 iis
139 3289 241 3368 quibus
256 3288 330 3348 idem
345 3289 489 3349 iurandum
504 3299 568 3366 est,
590 3307 647 3349 non
661 3293 776 3368 ignarus
793 3289 899 3369 alloqui
913 3289 1017 3348 nemini
1031 3285 1097 3346 reli·

91 3371 201 3447 giosius
217 3372 294 3451 quod
308 3374 442 3433 iuraverit
457 3373 671 3434 custodiendum
685 3390 768 3452 φιιιιι
783 3375 863 3435 cuins
878 3375 997 3432 maxime
1012 3371 1097 3429 inter·

92 3463 138 3515 est
156 3473 213 3515 non
234 3457 364 3536 peierati.
399 3454 499 3535 ltaque
520 3466 550 3516 et
564 3457 690 3518 abiturus
707 3457 856 3518 consulatu
872 3455 969 3534 iurasti
984 3463 1015 3514 te
1028 3451 1099 3513 nihil
