2400 3840
484 114 725 169 essentum.
1085 131 1136 172 xm

64 287 121 337 sur,
143 271 204 327 dum
225 277 308 328 nostra
330 277 409 327 aetate
424 267 530 327 Orcllt'w
548 271 695 343 principibus
720 272 865 328 editionibus
886 273 980 330 colatis
1002 277 1133 348 genuinam

63 355 159 412 codicis
170 355 324 426 scripturam,
346 355 426 428 quoad
436 355 488 411 eius
497 355 550 410 deri
560 362 651 427 posset,
672 356 785 421 nstituit,
807 358 943 413 restitutam
952 358 991 414 via
1005 365 1031 414 et
1040 361 1134 418 ratione

63 439 214 495 emendavit.
258 439 333 495 edidit
349 446 430 495 antem
448 437 552 495 Orellins
568 440 672 510 primum
683 437 754 494 Plinii
769 440 900 505 etllaiani
911 441 1026 513 epistulas
1035 451 1132 501 mutuas

62 523 149 579 lusici
167 525 251 591 1888,
274 522 362 579 deinde
379 523 459 596 magis
471 523 609 578 emendatas
620 537 734 579 unacum
743 522 842 580 historia
852 524 935 580 critica
948 541 1030 582 earum
1042 529 1132 598 epistu-

62 607 145 663 larum
157 605 240 662 'llurici
260 607 329 665 less
341 607 414 663 edita
457 622 488 663 cx
506 605 544 662 bis
564 607 640 680 igitur
659 607 818 678 posteriorem
839 609 968 665 editiomm
987 610 1021 665 ita
1034 618 1132 668 secutus

62 705 121 746 sum
144 689 219 745 utin
244 690 342 761 paucis,
368 705 471 763 qucum
492 691 564 746 indes
584 690 646 746 inira
665 691 770 761 scriptus
791 696 840 756 cst,
870 692 901 748 ab
929 707 958 749 ea
984 694 1130 752 recederem

65 781 180 830 ceterum
199 773 309 829 ordinem
325 780 351 830 et
366 787 494 830 numerum
511 774 667 845 epistulium
684 775 778 847 qualem
795 774 923 831 indvantii
939 783 965 831 et
979 777 1033 833 dldi
1048 793 1131 834 essm·

63 855 175 928 pluribus
199 856 294 922 inveni,
322 872 336 912 a
364 873 412 930 quo
432 857 485 912 sinc
510 858 596 914 idonea
617 872 689 914 causa
712 865 796 929 postes
820 858 985 924 desciverunt,
1011 864 1130 920 revocavi.

65 955 122 996 nam
138 939 310 1012 postquam-ll
323 939 474 1012 Stephanus,
493 941 520 997 ni
539 941 622 1007 fallor,
645 943 736 1013 primus
761 942 795 998 ita
814 941 859 998 bas
878 943 993 1014 epistulas
1013 944 1131 1016 disposuit

65 1031 92 1080 ut
124 1038 181 1079 cum
209 1029 302 1094 partem
324 1039 386 1097 quac
405 1025 520 1096 epistulas
540 1024 570 1081 ab
596 1027 741 1097 imperatore
763 1026 892 1097 rescriptas
914 1027 1006 1083 additas
1031 1027 1131 1086 baberet

64 1121 179 1164 scorsum
198 1108 303 1178 positam
322 1115 347 1164 et
366 1125 429 1165 novo
444 1115 582 1165 mutianum
599 1111 754 1181 epistularum
773 1110 844 1166 titulo
864 1111 1004 1182 inscriptam
1018 1113 1044 1168 in
1057 1113 1131 1170 linem

66 1192 179 1256 reiceret,
198 1190 391 1248 honorationem
409 1189 507 1263 plurimi
529 1193 616 1249 imitati
636 1200 701 1250 sunt.
722 1194 911 1266 itaqueantiquo
922 1195 1128 1253 ordinerestituto

67 1275 229 1331 recentiorem
252 1276 359 1332 nummis
376 1277 516 1350 vulgan'bus
537 1277 662 1348 adscriptis
682 1277 791 1333 indicavi.
833 1278 876 1334 sed
900 1293 956 1333 cum
977 1280 1003 1334 in
1024 1280 1071 1336 bac
1094 1296 1128 1346 re,

67 1373 215 1431 quamquam
228 1359 424 1417 dissentientibus
434 1359 555 1432 plerisque
565 1360 696 1416 editoribus
709 1360 798 1430 etipse
811 1357 908 1425 Orellio,
929 1361 1016 1417 Aldum
1026 1378 1129 1435 sequen·

67 1443 126 1499 dum
147 1456 202 1498 esse
222 1440 351 1509 ducerem,
377 1444 445 1500 nolui
470 1459 526 1500 eum
547 1459 603 1501 cum
627 1444 724 1516 reliquie
744 1443 832 1499 imitari
852 1444 878 1499 in
903 1443 964 1509 boc,
992 1446 1057 1516 quod
1081 1462 1129 1503 una

67 1542 125 1583 oum
138 1525 238 1598 reliquis
248 1527 369 1584 librisbas
380 1527 495 1599 ep‘stulas
504 1536 627 1600 nmquam
637 1528 758 1584 decimum
766 1525 855 1583 librum
873 1528 969 1599 posuit:
990 1529 1055 1601 quod
1071 1530 1129 1602 quin

67 1616 152 1666 contra
161 1609 236 1666 fldem
246 1611 440 1668 membranarum
449 1611 571 1668 novaverit
581 1611 684 1668 dubitari
698 1611 790 1684 nequit.
810 1626 867 1667 nam
886 1619 912 1667 et
921 1618 977 1668 ante
986 1612 1075 1668 Aldum
1085 1613 1128 1668 ali·

67 1709 113 1766 qm
124 1693 283 1765 epistulamm
295 1711 351 1766 pars
361 1702 485 1768 tamquam
495 1695 557 1751 liber
566 1695 695 1768 singularis
706 1696 770 1751 edita
780 1702 832 1750 erat
842 1709 888 1750 nec
902 1710 1079 1768 umquamcum
1089 1712 1127 1751 re-

65 1777 138 1850 liquis
149 1777 218 1834 libais
227 1777 274 1833 bac
283 1779 398 1850 epistulae
411 1784 549 1835 numeratas
561 1785 626 1834 sum.
817 1833 824 1846 ,

131 1859 248 1933 Episcnlis
258 1861 328 1919 Plinii
337 1863 413 1919 adieci
431 1863 618 1936 panegyricum,
638 1876 688 1916 non
705 1875 753 1933 quo
764 1860 878 1917 haberem
888 1877 978 1935 magno
989 1877 1063 1934 opere
1075 1862 1128 1934 qui·

65 1946 113 2001 bus
139 1945 332 2002 emendationem
359 1946 508 2012 adimerem,
537 1946 580 2002 sed
607 1945 663 2018 quia
689 1958 763 2016 aegre
788 1944 877 2000 librum
897 1961 911 2001 a
932 1946 1014 2001 multis
1034 1947 1059 2001 in
1082 1945 1128 2001 hac

66 2027 175 2084 editione
184 2028 315 2085 desiderari
325 2029 506 2102 intellegebam
527 2031 608 2100 itaque
618 2029 643 2083 iu
654 2042 683 2082 ec
695 2027 893 2099 recognoscendo
903 2035 999 2101 practer
1009 2028 1093 2085 doctas
1102 2035 1129 2084 et

66 2111 201 2170 laboriosas
218 2110 356 2169 8111111111
371 2114 454 2184 copias
469 2115 494 2169 in
510 2113 594 2184 primis
610 2111 700 2183 optima
717 2109 836 2167 sedete
852 2109 973 2168 0111181·
987 2113 1128 2169 recensione

67 2195 164 2252 Parisiis
186 2199 336 2254 amolitis
357 2197 420 2254 edita
439 2203 466 2252 et
486 2196 623 2253 scholaruum
642 2193 786 2250 Gallicarum
803 2194 859 2251 usui
875 2195 1055 2253 accommodata
1069 2212 1128 2252 ussus

65 2295 130 2336 sum.
162 2294 220 2336 uam
240 2280 271 2336 de
291 2281 359 2336 libris
379 2281 567 2352 manuscriptis
586 2280 641 2350 ipsc
662 2295 712 2335 non
733 2278 849 2350 quaesivi,
871 2285 898 2336 et
915 2295 976 2351 quos
996 2280 1060 2336 lorts
1076 2281 1128 2337 col·

66 2363 131 2420 latos
157 2363 231 2420 habui
252 2364 327 2430 duos,
354 2365 457 2420 alterum
480 2364 683 2420 Mediolanensem
703 2361 864 2418 bibliothecas
883 2363 1041 2436 Braydensis,
1069 2364 1128 2419 olim

66 2445 210 2503 Patavinum
228 2462 306 2520 eoque
325 2448 447 2504 nomines
463 2447 599 2504 Schwaraio
617 2451 774 2518 usurpatum,
794 2446 896 2502 alterum
907 2447 1127 2519 Guelferbytanum,

67 2531 110 2603 qui
120 2537 159 2586 cst
170 2530 234 2586 inter
244 2528 365 2587 Gudianus
375 2546 475 2588 numero
486 2533 535 2597 45,
556 2537 685 2602 utriumque
702 2529 855 2585 chartaceum
871 2531 967 2586 saecqu
987 2531 1070 2602 quinto
1085 2530 1128 2586 de·

67 2615 133 2670 timo
146 2614 278 2685 scriptum,
300 2630 384 2670 eorum
399 2615 515 2687 11111111
524 2630 596 2670 usum
606 2628 660 2669 esse
670 2614 783 2687 cognovi.
806 2613 918 2669 videntum
935 2619 1016 2669 autem
1032 2612 1129 2668 codices

67 2697 211 2770 panegyrici
231 2704 326 2768 praeter
345 2713 434 2769 paucas
455 2699 606 2754 membranas
625 2698 767 2769 rescriptas,
788 2695 905 2768 equibus
925 2695 1004 2750 variae
1025 2696 1128 2767 scriptu·

67 2795 110 2837 rac
128 2780 158 2836 ab
180 2781 275 2854 bugeio
295 2781 358 2837 bloio
375 2783 502 2838 adnotatae
518 2789 576 2837 sunt
595 2796 657 2836 anno
676 2781 743 2837 1815
760 2780 784 2834 in
799 2777 939 2851 Symmachi
959 2779 1064 2836 editione
1077 2779 1129 2835 ble-

66 2864 218 2930 bolonensi,
239 2871 358 2937 quotquot
379 2872 461 2922 extant
475 2880 559 2921 omnus
577 2880 608 2918 ex
624 2878 673 2919 nno
693 2862 804 2933 exemplo
825 2862 921 2918 saeculo
937 2864 1129 2936 quintodecimo

65 2954 166 3020 reperto
177 2947 245 3003 ducti
255 2962 316 3004 esse.
338 2964 394 3004 nam
405 2949 470 3021 quod
482 2948 624 3004 liuebnerus
641 2946 753 3002 inbiusei
773 2944 883 3002 Rhenani
902 2948 1027 3003 noussimi
1046 2954 1065 3004 t.
1087 2946 1128 3014 111,

65 3047 91 3103 p.
100 3033 154 3088 184
165 3030 275 3087 codicem
280 3031 421 3088 Vaticanum
429 3035 498 3091 8461
510 3033 604 3088 decimo
613 3030 710 3086 sacculo
720 3029 837 3101 scriptum
847 3045 900 3086 csse
910 3031 976 3096 dicit,
988 3031 1129 3102 nescioquo

65 3120 169 3170 auctore
180 3114 252 3170 dicat
278 3116 337 3171 mibi
348 3123 414 3172 certe
424 3116 541 3170 llenricus
550 3115 671 3170 Brunuius
681 3128 709 3169 ea
719 3114 750 3170 de
758 3128 786 3169 re
795 3114 959 3187 interrogatus
971 3130 1026 3170 eum
1040 3113 1129 3169 librum

65 3212 118 3254 non
131 3198 213 3272 magis
228 3214 300 3270 mam
310 3200 417 3271 reliquos
431 3199 571 3271 panegyrici
586 3197 695 3266 codices,
716 3196 758 3270 qui
778 3203 836 3254 sunt
856 3198 881 3253 in
902 3197 1048 3254 bibliotheca
1064 3197 1130 3252 Vati·

66 3296 131 3338 cana
152 3296 254 3338 numero
282 3288 352 3347 octo,
378 3283 409 3338 ad
441 3283 550 3355 quintum
572 3281 692 3336 decimum
712 3281 837 3337 saeculum
856 3281 976 3352 pertinere
996 3280 1128 3352 respondit

66 3379 150 3436 neque
171 3365 316 3422 dissentiunt
337 3365 366 3420 ab
388 3365 437 3421 boe
455 3364 544 3420 iudicio
562 3365 694 3437 scripturae
710 3380 724 3421 a
739 3364 877 3421 Schwarnio
892 3364 1028 3421 ellaticanu
1045 3363 1129 3419 codice
