2400 3840
116 186 178 250 214
416 185 450 249 G.
468 185 566 250 PIINI
587 186 636 251 ET
658 186 817 249 TRAIANI

515 337 613 400 xuvu
636 337 715 417 [uu]

453 437 616 492 TRAIANUS
633 439 737 489 PLINIO
757 439 784 491 S.

176 539 336 621 Diplomata
351 559 471 621 qnorum
485 545 653 621 praeteritus
667 551 713 603 est
730 540 793 602 dias
808 557 866 600 non
888 540 995 602 debent
1010 560 1076 604 esse
1091 544 1117 603 iu

116 643 184 686 usu:
205 624 271 687 ideo
294 627 370 688 inter
384 628 472 707 prima
492 628 606 705 iniungo
626 626 693 686 mihi
710 635 741 687 ut
761 642 816 704 per
835 642 936 688 omnes
957 629 1116 705 provincias

115 719 182 770 ante
196 711 303 771 mittam
320 727 394 772 nora
408 710 560 791 diplomata
574 729 658 790 quam
672 709 828 771 desiderari
842 713 965 789 possint.
1121 725 1138 778 t

500 857 613 920 xumr.
636 855 729 937 [nvn]

339 958 366 1009 G.
384 958 510 1010 PLINIUS
526 958 671 1010 TRAIANO
690 956 897 1012 IMPERATORI.

89 1078 104 1130 1
180 1063 249 1124 Cum
264 1064 378 1143 vellem,
395 1064 518 1143 domine,
534 1064 677 1144 Apameae
691 1081 873 1140 cognoscere
888 1062 1021 1142 publicos
1037 1063 1116 1125 debi-

114 1157 193 1208 tores
208 1159 237 1209 et
252 1148 371 1209 reditum
386 1158 416 1210 et
429 1147 577 1227 inpendia,
598 1163 770 1224 responsum
786 1156 831 1208 est
847 1146 916 1207 mihi
931 1164 1039 1227 cupere
1055 1150 1154 1228 qui-10

114 1232 177 1292 dem
200 1234 350 1293 universos
371 1242 438 1294 uta
461 1235 654 1293 mercationes
678 1230 810 1292 coloniae
831 1229 1017 1310 legerentur,
1040 1251 1117 1293 num·

113 1333 198 1395 quan
215 1325 308 1378 mmen
329 1336 397 1380 esse
413 1316 504 1379 lectas
518 1317 553 1378 ab
567 1315 627 1376 ullo
640 1315 858 1395 proconsulum,
880 1314 1018 1378 habuisse
1032 1320 1115 1397 privi-

115 1399 222 1478 legium
238 1412 268 1463 et
281 1403 505 1463 vetustissimdm
519 1418 628 1463 morem
639 1399 754 1462 arbitrio
769 1417 822 1460 suo
837 1400 1056 1478 rempublicam
1071 1401 1116 1463 ad·

89 1487 283 1550 ministrare.
303 1485 397 1566 Exegi
413 1496 444 1547 nt
459 1503 531 1566 quae
545 1484 676 1547 dicebant
693 1501 823 1564 quaeque
841 1484 1000 1547 recitabant
1017 1482 1116 1546 libello

112 1568 687 1734 rrtRssTcttsttisttt
699 1570 968 1731 diffidi
981 1572 1116 1734 „tttt
1125 1583 1152 1638 ¹⁵

84 1738 214 1799 ctinme.
243 1737 285 1798 Te
305 1747 429 1816 rogent
450 1737 517 1798 mihi
537 1739 706 1817 praecipere
727 1737 854 1816 digneris
878 1738 947 1817 quid
967 1756 1015 1801 me
1033 1748 1115 1818 putes

110 1819 268 1881 observare
291 1819 409 1884 debere.
435 1822 548 1884 Vereor
558 1823 633 1883 enim
647 1840 684 1882 ne
698 1830 746 1883 aut
762 1821 930 1884 excessisse
943 1830 992 1883 aut
1006 1840 1063 1884 non
1075 1825 1115 1883 iu-

110 1900 211 1982 plesse
225 1905 315 1968 officii
330 1908 386 1967 mei
403 1914 499 1986 partes
515 1905 623 1967 ridear.

491 2053 616 2116 xumu
632 2053 738 2132 [svn]

445 2154 610 2206 TRAIANUS
629 2152 733 2206 PLINIO
752 2151 779 2208 S.

84 2269 100 2321 l
172 2254 299 2318 Libellus
313 2256 505 2338 Apameorum
526 2277 612 2338 quern
626 2256 766 2338 epistulae
779 2265 844 2318 tuae
859 2258 993 2320 inureres
1009 2260 1115 2320 remisit

105 2337 173 2397 mihi
188 2343 394 2402 necessitatem
408 2342 606 2422 perpendendi
620 2340 835 2422 conducerent,
850 2351 972 2422 propter
987 2360 1060 2423 qnae
1074 2345 1112 2401 vi·

105 2419 167 2479 deri
188 2423 289 2484 volunt
310 2442 364 2485 eos
382 2429 431 2505 qui
451 2443 505 2505 pro
527 2425 693 2488 consulibua
712 2425 786 2487 hanc
808 2427 985 2505 provinciam
1007 2428 1152 2489 obtinu-at

104 2512 188 2563 eruut
202 2505 378 2569 abstinuisse
392 2511 602 2588 inspectatione
617 2511 757 2572 rationum
773 2528 906 2590 suarum,
922 2529 988 2572 cnm
1003 2513 1068 2592 ipse
1085 2521 1114 2571 ut

75 2598 153 2651 sess
167 2588 331 2667 inspiceres
345 2608 403 2652 uon
416 2594 624 2653 recusaverint.
655 2591 874 2657 Remuneranda
888 2604 935 2656 est
949 2597 1036 2674 igitur
1051 2612 1113 2675 pro·

102 2669 175 2731 bites
193 2689 311 2752 eorum,
330 2683 362 2735 ut
381 2676 437 2736 ism
451 2693 528 2736 nnuc
541 2677 633 2738 sciant
650 2675 708 2737 hoc
726 2677 805 2757 qnod
823 2679 1008 2760 inspecturus
1026 2699 1059 2743 es
1079 2697 1114 2741 ex

101 2770 165 2814 mea
180 2755 328 2819 voluntate
343 2758 429 2820 salvis
444 2777 518 2839 quae
532 2759 638 2823 habent
652 2761 815 2841 privilegiis
829 2781 898 2828 esse
913 2764 1062 2826 facturum.

462 2909 603 2972 xnvrur.
625 2910 749 2989 [svm]
1119 2875 1149 2930 ³⁰

324 3007 353 3060 G.
371 3007 496 3060 PLINIUS
515 3011 663 3062 TRAIANO
681 3011 893 3064 IMPERATORI.

73 3105 86 3155 1
163 3100 239 3163 Ante
257 3105 411 3168 adrentum
427 3127 537 3187 meum,
554 3111 685 3190 domine,
702 3113 935 3178 Nicomedenses
949 3117 1039 3197 priori
1051 3115 1112 3175 foro

95 3196 203 3240 norum
217 3186 337 3250 adicere
352 3201 527 3272 coeperunt,
549 3195 631 3254 cuius
646 3197 676 3255 in
690 3197 797 3275 angulo
814 3208 862 3261 est
875 3199 966 3262 aedes
982 3200 1113 3262 vetustis¹

94 3264 166 3325 sima
186 3265 287 3331 Natris
307 3271 430 3352 Magnae
451 3286 500 3337 sut
519 3277 675 3338 reficienda
693 3291 742 3342 ant
762 3282 979 3354 transferenda;
1001 3285 1041 3346 ob
1060 3284 1150 3346 nocet

94 3351 267 3428 praecipue,
287 3357 365 3433 quod
377 3369 423 3420 est
437 3359 527 3421 multo
547 3361 717 3441 depressior
731 3383 824 3446 opere
839 3385 877 3429 ec
893 3368 973 3446 quod
985 3387 1050 3429 cunr
1059 3385 1113 3428 mn·

65 3427 169 3488 sxime
185 3438 287 3511 surgit.
320 3437 387 3516 Ego
411 3460 475 3502 cum
491 3462 661 3524 quaererem
680 3465 747 3507 unm
763 3459 845 3512 esset
859 3450 957 3531 eliqua
974 3453 1026 3515 Iex
1042 3452 1113 3513 dicta
