2400 3840
95 190 136 254 aa
522 183 556 245 o.
577 181 673 281 rum
777 140 781 149 ’

69 351 216 422 egentes,
237 360 274 401 ne
291 339 438 400 audientes
451 337 578 417 quidem:
599 356 663 397 uam
677 335 809 417 plerique
824 352 882 396 non
896 335 1026 415 andiunt,
1042 352 1086 397 nec

94 426 146 486 ulli
164 444 237 503 magr
239 445 253 486 s
267 423 391 485 laudant
423 422 453 483 Si
470 420 581 500 quando
595 421 726 482 transibis
741 437 796 499 per
808 419 957 481 basilicam
974 429 1004 483 et
1018 420 1087 481 ιοΙιι

96 512 171 572 scire
187 527 244 588 quo
259 508 343 568 modo
359 508 479 587 quisque
492 505 578 583 dicat,
593 505 662 564 nibil
673 513 718 565 est
730 502 807 582 qnod
817 503 942 565 tribunal
953 504 1089 581 ascendas,

95 593 164 654 nihil
179 593 255 672 qood
270 592 409 672 praebeas
423 608 533 658 aurem;
526 551 640 649 ·idcilis
651 587 800 648 divinatio:
815 590 889 649 scito
902 606 969 650 eum
980 588 1090 669 pessime

69 677 195 741 9dicere
213 678 260 754 qui
283 674 440 737 laudabitur
461 675 591 733 mammo
622 671 730 732 Primus
751 670 825 733 hunc
847 672 982 734 audiendi
997 677 1137 749 moreni,
1134 676 1137 707 ¹

97 760 206 820 induxit
220 758 337 838 Largius
352 758 483 835 Licinus,
488 757 638 818 hactenus
654 765 747 816 tamen
764 764 794 814 ut
807 755 955 819 auditores
971 774 1093 837 corroga-

60 855 89 906 10
98 852 156 905 ret.
177 844 216 904 ita
234 853 314 904 certe
330 861 367 903 ex
382 803 570 919 Quintiliano,
590 849 781 921 praeceptore
801 857 883 917 meo,
910 841 1026 903 audisse
1044 859 1093 901 me·

96 929 173 987 mini.
203 925 340 986 Narrabat
361 924 411 984 ille
432 925 611 985 ‘adsectabar
633 923 785 983 Domitium
806 922 924 986 Afrum:
950 943 1015 986 curn
1030 921 1094 1005 apud

98 1011 290 1071 centumviros
302 1008 411 1069 diceret
421 1009 546 1085 graviter
558 1018 587 1068 et
597 1007 675 1068 lente
692 1007 765 1087 (boc
780 1008 854 1068 enim
866 1007 908 1068 illi
924 1009 1044 1070 actionis
1053 1026 1094 1088 ge·

97 1112 150 1153 nus
170 1093 264 1170 erat),
285 1091 360 1151 audit
381 1109 419 1151 ex
439 1093 567 1169 proximo
588 1091 757 1152 inmodicum
778 1090 983 1172 insolitumque
1004 1091 1124 1156 clamo-lt

97 1194 166 1235 rem.
199 1174 359 1236 Admiratus
382 1176 505 1235 reticuit.
537 1173 593 1234 Ubi
613 1175 754 1235 silentium
775 1174 965 1256 factumest,
992 1177 1097 1255 repetiit

59 1274 88 1325 11
100 1259 176 1339 quod
189 1260 349 1338 abruperat.
371 1258 476 1319 lterum
493 1257 609 1336 clamor,
625 1260 727 1319 iterum
741 1260 871 1337 reticuit,
894 1270 923 1321 et
940 1271 1007 1340 post
1021 1260 1096 1322 silen-

97 1346 167 1406 tium
183 1345 280 1423 coepit
294 1344 368 1404 idem
384 1345 479 1405 tertio.
510 1341 672 1404 Novissime
685 1345 747 1422 quis
760 1342 870 1404 diceret
891 1346 1048 1423 quaesivit:
1060 1362 1097 1404 re·

99 1445 236 1529 sponsum
258 1437 303 1489 est
320 1429 468 1489 ‘Licinus’
497 1426 566 1485 Tum
581 1427 741 1487 intermissa
753 1445 838 1487 causa
853 1429 1048 1488 ‘centumviri’
1064 1429 1098 1486 in·

59 1527 90 1579 12
101 1513 172 1592 quit,
189 1512 257 1572 ‘hoc
274 1514 421 1572 artificium
437 1512 565 1590 periit’&
603 1508 687 1583 Quod
707 1509 812 1589 alioqui
829 1512 926 1590 perire
940 1512 1128 1612 incipiebaqli

100 1615 163 1656 cum
175 1598 288 1675 perisse
297 1596 366 1655 diro
380 1595 535 1671 rideretur,
547 1613 621 1653 nunc
632 1611 703 1654 vero
715 1612 807 1673 prope
819 1594 1099 1658 funditusextiuctun

100 1688 129 1739 et
143 1697 275 1738 eversum
293 1687 348 1738 est.
369 1677 459 1738 Pudet
471 1676 581 1738 referre
594 1696 667 1756 quae
680 1696 762 1757 quam
774 1666 877 1739 fracta
866 1681 1099 1777 pronuntiatione

61 1762 244 1839 radicantur,
261 1763 459 1841 quibusquam
475 1762 580 1821 teneris
595 1761 764 1822 clamoribus
778 1762 967 1842 excipiantur.
988 1763 1099 1824 Plausus

100 1855 205 1906 tantum
217 1863 252 1905 ac
265 1848 360 1924 potius
373 1844 435 1906 sola
452 1844 580 1920 cymbala
594 1855 623 1905 et
639 1855 769 1924 tympana
783 1844 840 1906 illis
853 1848 975 1909 canticis
991 1847 1099 1909 desunt:

99 1928 222 1990 ululatus
235 1930 464 2010 quidem(neque
479 1930 553 1988 enim
566 1926 621 1988 alio
634 1928 776 1989 vocabulo
788 1938 884 2006 potest
897 1931 1020 2010 exprimi
1030 1931 1131 1992 thee-ao

60 2025 92 2080 14
100 2015 149 2074 tris
172 2031 286 2094 quoque
307 2014 442 2075 indecora
463 2012 601 2091 laudatio)
624 2010 704 2090 large
729 2022 892 2090 supersunt.
924 2013 988 2076 Nos
1015 2024 1100 2075 tamen

99 2097 191 2159 adhuc
212 2110 241 2159 et
261 2099 366 2161 utilitas
381 2100 535 2159 amicorum
549 2105 579 2156 et
598 2096 670 2156 ratio
684 2097 784 2157 aetatis
799 2107 924 2158 moratur
937 2117 974 2160 ac
989 2099 1099 2160 retinet:

99 2201 232 2243 veremur
243 2185 316 2242 enim
327 2202 364 2244 ne
382 2183 456 2243 forte
468 2199 525 2241 non
536 2179 587 2240 has
605 2178 785 2257 indignitates
796 2180 952 2260 reliquisse
964 2182 1020 2244 sed
1031 2182 1101 2243 labo·

99 2284 161 2325 rem
171 2265 283 2342 fugisse
297 2266 451 2326 videamur.
481 2266 583 2324 Sumus
600 2272 693 2325 tamen
707 2263 793 2325 solito
807 2266 949 2345 rariores,
967 2265 1045 2346 qnod
1056 2265 1101 2325 ini·

100 2349 169 2407 tium
185 2359 229 2408 est
242 2347 378 2425 gradatim
388 2346 543 2409 desinendi.
565 2346 649 2407 Vale.
1107 2352 1134 2407 lb

574 2446 636 2507 XV.
731 2461 733 2465 ¹

349 2543 376 2596 c.
397 2545 524 2597 Parmos
543 2544 734 2596 vauunmuo
753 2544 813 2596 suo
830 2544 857 2594 s,

76 2643 91 2694 1
163 2627 327 2702 Quomodo
345 2639 375 2690 te
389 2640 505 2692 veteres
525 2629 611 2691 Marsi
631 2626 693 2689 tuli
716 2648 773 2707 quo
788 2628 874 2690 modo
889 2632 1000 2710 emptio
1015 2625 1103 2693 nomi

101 2714 217 2775 Placent
232 2714 309 2792 agri,
322 2723 473 2794 postquam
486 2716 526 2776 tui
541 2714 609 2774 iacti
623 2711 708 2774 sunt?
732 2713 837 2773 Rarum
849 2713 878 2773 id
894 2715 1026 2793 quidem:
1040 2711 1104 2776 nibil

75 2799 176 2863 lecim
196 2818 289 2878 aeque
309 2808 417 2876 gratum
440 2808 484 2859 est
505 2797 616 2877 adeptis
638 2814 721 2875 quam
746 2799 1030 2876 concupiscentibus.
1061 2796 1136 2859 meaa

101 2882 216 2962 praedia
230 2894 354 2945 materna
370 2901 467 2962 parum
481 2880 628 2943 commode
649 2890 786 2960 tractant,
808 2880 953 2944 delectant
968 2892 1061 2944 maren
1077 2890 1104 2941 ut

101 2975 237 3044 materna,
253 2977 283 3028 et
298 2967 404 3046 alioqui
415 2966 501 3044 longa
512 2965 645 3045 patientia
657 2965 790 3028 occallui.
812 2964 925 3026 Habent
936 2966 1012 3027 hunc
1026 2968 1105 3028 linem

102 3047 237 3110 adsiduae
253 3050 399 3129 querellae
415 3049 491 3130 quod
507 3050 587 3129 queri
601 3047 700 3127 pudet.
735 3049 817 3110 Vale.

563 3165 641 3225 XVI.

372 3265 400 3316 c.
418 3265 544 3318 aurnuns
563 3265 708 3316 ammiano
728 3263 787 3316 sco
807 3263 833 3317 s,
1109 3268 1136 3325 35

79 3360 90 3411 1
167 3348 209 3408 'la
221 3348 334 3428 quidem
348 3368 401 3428 pro
414 3361 511 3412 cetera
522 3360 569 3412 tua
585 3350 729 3428 diligentia
743 3349 879 3411 admones
892 3368 939 3411 me
954 3347 1102 3411 codicillos

103 3431 240 3512 Aciliani,
260 3434 307 3514 qui
324 3451 370 3496 me
385 3453 422 3495 ex
438 3445 519 3514 parte
536 3435 655 3496 instituit
674 3434 827 3513 heredem,
850 3452 904 3514 pro
916 3451 975 3495 non
989 3432 1103 3513 scriptis
