2400 3840
103 171 164 233 166
522 165 556 226 c.
577 164 676 226 rm]

102 342 154 395 na,
173 330 202 381 et
224 339 260 379 ex
280 318 388 377 duabus
402 319 551 378 sententiis
567 336 630 377 ean
648 335 722 395 quae
736 319 873 395 superior
885 320 1014 379 eufiterit
1024 320 1099 378 tertia

60 411 95 463 ‘22
102 413 263 482 exspectat.
284 402 370 478 Quid,
386 402 462 480 quod
479 405 567 481 prirna
579 402 719 461 sententia
730 401 908 480 conprobata
916 411 1033 463 oeterae
1040 420 1099 482 per·

103 484 252 549 emuntur?
283 485 347 560 Qua
362 505 434 564 ergo
447 487 557 546 ratione
574 494 674 562 potest
686 503 755 544 esse
768 503 828 544 nou
838 502 912 544 unus
924 486 1020 565 adque
1032 486 1100 547 iden

60 572 186 632 23loeus
207 573 424 647 sententiarum,
448 587 564 648 quarum
577 567 673 628 nullus
687 577 733 628 est
747 566 875 647 postea?
895 568 1010 630 Planius
1022 588 1100 649 repe

101 667 167 717 tane
205 655 267 716 Nisi
286 655 400 714 tlieeute
426 654 595 714 sententiam
614 669 652 712 eo
668 653 717 730 qui
736 651 850 730 relegat
867 651 911 712 illi
927 656 978 732 qui
991 656 1121 733 puniunti

105 743 199 820 eapite
210 742 290 799 initio
305 739 399 799 statim
410 740 438 797 in
449 736 504 796 alia
518 735 683 811 oseem,
698 736 804 796 bustra
817 747 923 814 postea
939 737 1102 798 dissentient

61 825 188 884 ‘ttabeo
208 827 253 885 eui
274 823 359 901 paulo
379 831 444 881 ante
468 823 677 881 consenserint.
709 819 768 879 set
783 820 852 897 quil
865 838 926 897 ego
941 821 1042 881 sinilis
1056 821 1101 880 lo

104 905 202 968 eenti?
217 925 281 967 cunr
298 907 412 965 discere
425 904 512 963 relirn
527 923 562 963 an
578 906 736 964 sententias
750 903 854 978 diuidi,
869 922 906 963 an
918 906 956 964 in'
969 906 997 963 in
1012 907 1101 982 singu·

102 991 145 1052 las
166 990 334 1069 oportuerit.
379 988 494 1066 0ptinui
516 987 630 1066 quiden
647 987 724 1067 quotl
737 987 932 1066 postulabam
955 987 1045 1048 nihilo
1057 991 1102 1048 nri·

103 1094 156 1133 nus
170 1084 262 1132 tanren
277 1089 384 1150 quaero
395 1090 430 1130 an
440 1071 589 1150 postulare
600 1072 755 1132 debuerim
778 1070 1023 1143 Quemadmodum
1034 1075 1102 1152 opti
1109 1079 1134 1131 lt

103 1153 171 1215 nui?
203 1154 260 1227 Qui
281 1154 407 1214 ultinun
427 1154 598 1234 supplicium
613 1154 779 1216 sunendun
793 1173 862 1215 euse
878 1155 1036 1234 oeusebat,
1056 1175 1102 1215 ne

104 1240 166 1299 seio
181 1241 303 1316 artiore,
320 1247 401 1298 eerte
414 1241 558 1317 aequitate
572 1239 772 1317 postulatiou‘n
784 1257 867 1299 ureae
880 1240 988 1316 rietus,
1003 1242 1102 1300 omissa

103 1325 244 1384 sententia
260 1342 311 1383 suu
329 1326 455 1384 accessit
467 1321 624 1400 releganti;
642 1325 750 1383 veritus
766 1321 880 1382 serlieet
897 1341 946 1400 se,
963 1325 989 1384 si
1000 1324 1102 1383 divide

103 1417 200 1468 rentur
213 1410 383 1485 sententiae,
400 1407 477 1486 qnod
493 1406 599 1486 alioqui
611 1407 675 1466 lore
689 1407 856 1483 vilebatur,
871 1425 907 1467 ea
921 1425 997 1485 quae
1011 1405 1102 1468 absol·

103 1493 213 1552 nendos
223 1512 292 1553 esse
311 1492 448 1552 censebat
461 1508 579 1550 nurnero
592 1490 782 1570 praevaleret.
810 1489 926 1550 Eteninr
940 1491 1028 1568 longe
1043 1489 1136 1571 plu-15

60 1586 95 1638 25
104 1595 152 1636 res
166 1579 194 1635 in
211 1577 265 1635 bae
279 1594 333 1634 una
348 1594 430 1652 quern
441 1578 469 1634 in
486 1574 594 1634 omnus
608 1573 729 1652 singulis
741 1583 829 1633 erant
851 1573 923 1633 'l'unr
933 1574 977 1634 illi
990 1591 1102 1653 quoque

104 1662 152 1737 qni
169 1661 335 1717 auctoritate
355 1660 417 1717 eius
433 1659 614 1718 trahebantur
634 1667 798 1718 transeunte
819 1657 871 1718 illo
890 1658 1019 1718 destituti
1041 1657 1102 1718 reli·

104 1751 225 1819 querunt
246 1743 413 1800 sententiani
426 1743 463 1802 ab
482 1745 546 1821 ipso
565 1752 684 1802 auctore
704 1742 846 1801 desertarn
868 1745 1021 1822 secutique
1042 1749 1102 1802 sunt

61 1835 96 1888 26
105 1827 185 1902 quasi
199 1825 371 1903 transfugam
385 1844 469 1903 quern
485 1827 587 1886 ducent
601 1826 803 1904 sequebantur.
821 1826 873 1885 Sie
887 1845 926 1886 ex
935 1828 1028 1886 tribus
1041 1844 1102 1886 sen·

104 1911 200 1968 tentiis
215 1909 286 1970 duae
307 1910 418 1987 laetae,
433 1914 580 1989 tenuitque
597 1929 636 1969 ex
648 1910 757 1969 duabus
770 1907 860 1970 altera
874 1913 960 1970 tertia
973 1909 1100 1989 expulsa,
1108 1913 1137 1966 tt

103 2011 192 2070 qnae,
214 2011 278 2052 enm
299 1993 395 2054 anrbas
415 2013 553 2073 superare
566 2013 622 2053 non
635 2002 754 2073 posset,
778 1992 870 2071 elegit
883 1995 921 2054 ab
934 2004 997 2054 utra
1007 1996 1101 2054 vinee·

102 2088 188 2137 retur.
219 2078 299 2139 l'ale.

571 2211 634 2270 XV.

385 2309 413 2359 G.
433 2310 559 2360 PlellJS
576 2310 699 2360 tentem
715 2309 776 2360 SUO
792 2309 819 2359 S.
1108 2328 1137 2384 ᾗ

79 2420 92 2467 1
164 2407 285 2468 Oneravi
298 2420 329 2470 te
343 2420 385 2470 tot
395 2415 501 2490 pariter
514 2414 609 2473 missis
622 2412 828 2472 uoluminibus:
844 2411 899 2472 setl
914 2415 1033 2474 onerari
1048 2412 1102 2492 pri·

102 2509 187 2568 nun,
205 2496 270 2571 qnia
283 2513 435 2573 exegeras,
451 2487 565 2572 deinde,
583 2498 648 2574 quia
661 2499 821 2575 scripseras
830 2505 887 2556 taur
901 2497 1029 2574 graciles
1039 2497 1103 2557 istie

101 2575 256 2637 vindemias
274 2598 341 2639 esse
361 2590 393 2639 ut
413 2579 497 2659 plane
519 2582 624 2640 sciren
643 2581 694 2640 tibi
710 2590 888 2657 uenturum,
915 2581 995 2660 quod
1016 2579 1103 2658 vulgo

79 2661 215 2737 illicitur,
231 2661 331 2722 librum
342 2662 452 2741 legere.
472 2662 579 2723 Eadem
590 2683 628 2723 ex
644 2666 717 2723 rneis
730 2662 834 2741 agellis
847 2668 1018 2726 nuntiantur.
1048 2663 1102 2741 lgi-

101 2755 147 2805 tnr
162 2746 228 2806 nribi
245 2765 360 2826 qnoque
380 2747 479 2807 lieebit
497 2748 626 2808 seribere
645 2766 720 2825 quae
739 2748 838 2824 legas,
863 2750 901 2808 sit
921 2749 1007 2809 rnorlo
1029 2743 1137 2806 unlell

101 2829 214 2891 obortae
229 2835 285 2891 eni
299 2833 425 2911 possint;
451 2850 525 2910 quoe
546 2834 571 2891 si
590 2831 711 2891 seubrae
726 2830 879 2891 bibulaere
895 2834 970 2909 sint,
986 2841 1102 2892 autnon

100 2915 281 3052 zopizendurn
304 2926 353 2975 ant
377 2918 543 2976 necessario
568 2914 704 2994 quidquid
729 2915 931 2992 scripserimus
951 2917 1020 2975 bosi
1039 2912 1102 2974 neb

119 3013 166 3053 ee
187 3000 267 3057 imus.
279 3019 284 3027 ·
298 2999 381 3058 Vale.

559 3131 636 3191 rm.

364 3231 392 3280 C.
411 3231 538 3282 1²1.an
555 3230 705 3280 PATERNO
723 3230 784 3282 sto
802 3231 829 3283 S.
1109 3172 1137 3227 ³⁵

74 3338 88 3388 l
162 3327 356 3390 Confecerunt
369 3350 415 3391 nre
430 3333 604 3392 infimitates
615 3350 753 3410 neornnr,
769 3336 986 3411 monentium,
1001 3343 1032 3395 et
1043 3335 1104 3412 qui·

99 3408 163 3471 tlern
177 3414 317 3478 iorenurn,
340 3414 455 3476 Solacia
470 3416 526 3476 duo
539 3434 718 3496 nequaquem
728 3421 894 3496 pariatanto
907 3417 1012 3494 dolori,
1027 3416 1103 3478 solu·
