2400 3840
351 490 388 574 G.
429 490 589 574 tttNt
630 490 865 573 cttttttt

526 637 692 699 sueonos
757 720 762 729 ι

195 768 1024 887 tttttttttttts.

165 1092 245 1152 Bene
260 1109 295 1152 ac
308 1092 470 1172 sapienter,
484 1102 581 1173 patres
598 1094 769 1173 conscripti,
791 1094 913 1153 maiores
927 1092 1107 1153 instituerunt
1121 1099 1137 1162 l

79 1183 134 1237 5ut
147 1193 241 1235 rerum
257 1175 428 1253 agendarum
442 1177 481 1237 ita
496 1177 608 1238 dicendi
622 1178 728 1239 initium
740 1176 978 1256 apracationihas
991 1193 1106 1256 capere,

104 1259 181 1336 qnod
195 1257 263 1318 nihil
277 1261 349 1336 rite,
370 1257 439 1319 nihil
452 1258 638 1338 providenter
651 1259 781 1321 homines
796 1260 859 1322 sine
875 1259 992 1320 deornm
1007 1261 1109 1320 inmor-

103 1341 199 1401 talium
221 1358 286 1420 opa
301 1341 434 1416 consilioJ
447 1342 556 1403 honoro
579 1345 803 1422 auspicarentur.
846 1341 902 1415 Qui
917 1359 979 1402 rnos
996 1344 1042 1401 cui
1057 1360 1108 1420 po·

103 1428 157 1487 tius
174 1442 256 1504 quam
272 1424 400 1503 consuli,
421 1434 469 1486 aut
485 1425 598 1507 quando
612 1428 704 1503 magis
719 1425 897 1505 usurpandus
914 1424 1108 1505 colendusque

103 1518 148 1569 est
168 1526 251 1587 quam
272 1525 336 1569 cnm
355 1510 476 1587 imperio
497 1520 630 1587 senatus,
661 1510 830 1571 auctoritate
850 1510 892 1569 rei
917 1508 1050 1587 publicae
1074 1508 1109 1569 ad

63 1609 95 1661 10
103 1591 227 1670 agendas
242 1593 350 1670 optimo
365 1593 488 1672 principi
504 1595 611 1670 gratias
626 1588 803 1655 excitamur?
839 1591 923 1666 ouon
935 1594 1011 1653 enim
1025 1609 1106 1670 prae·

102 1676 230 1737 stabilius
249 1685 293 1737 est
308 1684 356 1737 ant
369 1676 516 1755 pulchrius
530 1696 630 1738 manus
645 1677 765 1738 deorum
778 1692 861 1756 quam
882 1685 977 1738 castus
998 1683 1028 1736 et
1044 1694 1106 1737 san·

102 1769 164 1820 etus
179 1770 208 1821 et
224 1760 277 1821 diis
292 1759 449 1822 simillimus
465 1759 624 1840 princeps?
656 1761 702 1823 Ac
712 1763 747 1840 *si
767 1758 858 1822 adhuc
874 1759 990 1821 dubium
1004 1759 1107 1821 fuisset

101 1841 175 1903 forte
191 1861 319 1923 casuque
332 1853 463 1904 rectores
479 1848 563 1906 terris
578 1864 612 1905 an
628 1845 664 1906 ali
685 1863 722 1904 no
737 1844 850 1905 numine
864 1844 1014 1923 darentur,
1030 1842 1106 1922 prin·

102 1927 196 2003 cipem
209 1936 301 1988 tamen
315 1937 445 1988 nostrum
458 1926 582 2006 liqueret
594 1927 727 1990 divinitus
739 1929 930 1989 constitutum.
956 1925 1022 1986 Non
1033 1927 1106 1985 enim

60 2018 92 2070 15
104 2008 218 2070 occulta
231 2019 376 2089 potestate
389 2011 510 2071 fatorum
522 2010 575 2071 sed
587 2011 622 2072 ah
637 2010 708 2073 lore
721 2013 787 2090 ipso
805 2029 899 2071 coram
911 2028 946 2069 ac
957 2009 1049 2088 palam
1061 2028 1106 2069 re·

101 2101 200 2172 pertus
220 2100 279 2162 est3
300 2093 413 2155 electus
430 2095 538 2173 quippo
552 2096 626 2155 inter
642 2111 705 2156 aras
720 2104 750 2156 et
764 2094 862 2155 altaria
876 2092 1035 2173 eodemque
1049 2092 1106 2152 loci

101 2194 185 2255 quem
202 2176 274 2238 deus
293 2175 343 2238 ille
362 2187 418 2238 tam
437 2176 605 2239 manifestus
626 2197 660 2239 ac
683 2195 821 2256 praesens
843 2194 926 2256 mam
947 2176 1057 2237 caelum
1072 2193 1105 2236 ao

100 2259 194 2320 sidera
213 2259 326 2320 insedit.
369 2259 433 2335 Quo
454 2263 545 2339 magis
563 2271 658 2342 aptum
678 2263 816 2341 piumque
837 2270 883 2322 est
903 2269 949 2338 te,
977 2259 1106 2339 Iuppiter

100 2344 206 2422 optime
220 2345 358 2423 maxima,
374 2354 456 2406 antea
470 2342 663 2426 conditorem,
677 2363 753 2407 nunc
769 2353 1002 2406 conservatorem
1016 2344 1105 2422 impe-

57 2441 93 2492 to
100 2428 134 2486 rii
148 2429 256 2506 nostri,
277 2429 389 2506 precari
404 2437 435 2489 ut
449 2428 515 2488 mihi
533 2427 617 2508 digna
634 2429 770 2507 consule,
787 2429 872 2508 digna
888 2437 1004 2505 senatu,
1022 2426 1106 2506 digna

100 2511 230 2589 principe
251 2512 396 2590 contingat
417 2513 524 2591 oratio,
550 2522 639 2594 utque
654 2513 783 2575 omnihus
799 2531 871 2593 qnae
887 2511 1016 2573 dicentur
1030 2529 1046 2571 a
1060 2529 1106 2572 me

99 2592 218 2654 libertas
240 2593 310 2654 fides
331 2598 437 2658 veritas
452 2604 581 2675 constet,
609 2605 772 2677 tantumque
788 2615 804 2658 a
821 2597 923 2675 specie
938 2594 1105 2656 adulationis

100 2677 174 2738 absit
187 2678 339 2753 gratiarum
356 2681 431 2740 actio
446 2698 509 2741 mea
523 2689 655 2760 quantum
668 2682 750 2742 abest
763 2698 780 2740 a
794 2681 977 2740 necessitate.

166 2758 306 2841 Equidem
326 2779 382 2822 non
404 2763 514 2824 consuli
534 2763 618 2823 modo
639 2763 693 2824 sed
715 2763 844 2823 omnibus
865 2761 975 2822 civibus
996 2752 1135 2820 enimn-2

56 2842 165 2903 nodum
179 2861 246 2904 reor
259 2863 295 2906 ne
311 2845 376 2925 qnid
390 2846 427 2907 de
443 2847 573 2926 principe
593 2855 692 2908 nostro
714 2846 752 2906 ita
774 2844 867 2906 dicant
889 2854 920 2905 ut
940 2843 1014 2904 idem
1034 2842 1106 2904 illud

100 2927 135 2988 do
156 2928 212 2988 alio
233 2927 288 2989 dici
309 2931 438 3008 potuisse
452 2929 589 2990 videatur.
628 2929 722 3004 Quare
738 2928 839 2991 abeant
854 2945 888 2989 ac
904 2927 1039 2988 recedant
1054 2944 1104 2988 vo·

100 3029 151 3072 ces
172 3010 240 3072 illae
264 3030 334 3091 quas
356 3022 448 3074 metus
469 3013 659 3090 exprimebat:
684 3011 753 3074 nihil
771 3011 856 3092 quale
877 3019 942 3071 ante
964 3010 1104 3081 dicamus;

99 3094 167 3155 nihil
184 3097 257 3154 enim
272 3096 356 3176 quale
371 3105 453 3158 antea
469 3099 604 3174 patimur:
630 3116 686 3159 nec
705 3096 804 3159 eadem
825 3094 861 3156 de
883 3097 1014 3175 principe
1031 3113 1103 3174 quae

98 3181 177 3258 prius
192 3179 404 3258 praedicemus;
424 3199 519 3259 neque
542 3183 617 3241 enim
632 3181 730 3242 eadem
745 3198 819 3259 quae
833 3181 911 3258 prins
926 3186 1042 3242 secreto
1060 3177 1103 3237 lo·

55 3264 219 3341 coquimur.
255 3262 440 3325 Disoematur
457 3264 630 3325 orationihus
644 3264 749 3326 nostris
765 3263 915 3326 diversitas
930 3273 1101 3342 temporum,

99 3356 126 3405 et
138 3364 176 3406 ex
186 3348 251 3428 ipso
263 3366 371 3426 genere
383 3349 534 3426 gratiarum
545 3346 715 3426 agendarum
725 3347 907 3428 intellegatur
920 3345 1109 3422 cuimpaudc
