2400 3840
345 194 855 278 mmmmmumnm
1042 197 1102 262 m

93 345 218 408 dationis
230 355 261 406 et
276 345 398 409 detrahit
408 358 439 408 et
452 346 544 408 adfert
558 352 703 427 memoria,
718 368 785 425 vox,
801 359 912 428 gestus,
931 361 1044 429 tempus
1060 351 1102 428 ip·

95 448 178 507 sum,
201 440 351 507 postremo
365 430 413 491 vel
429 448 508 492 amor
522 430 570 491 vel
588 431 682 491 odium
696 434 754 494 rei:
780 433 854 493 liber
869 434 1005 511 eliensis,
1029 432 1103 494 liber

96 514 204 592 gratia,
222 512 297 574 liber
312 524 342 575 et
356 513 489 575 secandis
505 515 617 574 casibus
633 524 663 575 et
676 514 804 576 adversis
824 527 912 578 caret.
944 516 1128 596 Responditl

95 596 166 658 milri
180 595 316 658 Fonteius
331 597 462 676 Magnus,
477 615 549 658 unus
565 617 603 658 ex
617 599 756 677 Bithynis,
771 599 898 677 plurimis
909 601 1017 679 verbis,
1033 618 1102 700 pap·

73 681 223 744 ocissimis
240 681 338 743 rebus.
365 680 419 742 Est
432 681 579 761 plerisque
598 681 787 759 Graecorum,
810 692 841 744 ut
861 683 921 762 illi,
947 687 1102 782 procopia

94 763 276 824 volubilitas:
296 773 352 825 tam
365 764 466 843 longas
483 774 596 845 tamque
617 766 733 843 frigidas
750 766 904 845 perihodos
926 783 983 826 uno
1000 768 1101 846 spiritu

95 849 180 927 quasi
195 856 323 910 torrente
344 857 542 928 contorquent.
575 849 674 928 ltaque
689 848 776 911 lulius
794 848 935 911 Candidus
952 867 1009 910 non
1023 853 1125 910 inve-5

95 940 181 992 nuste
201 930 279 992 solet
300 930 397 993 dicere
412 932 568 995 aliudesse
591 932 800 1012 eloquentiam,
821 933 898 994 aliud
917 933 1100 1012 loquentiam.

96 1013 169 1076 Nam
185 1014 349 1093 eloquentia
362 1019 410 1076 vix
423 1016 471 1075 uni
486 1024 534 1076 aut
548 1014 646 1094 alteri,
662 1019 763 1094 immo,
781 1015 994 1079 sib1.Antonio
1010 1016 1102 1077 credi·

58 1115 177 1176 lomus,
199 1099 320 1176 nemini,
344 1099 415 1159 baec
434 1116 504 1159 vero
526 1118 609 1179 qnam
624 1098 764 1162 Candidus
783 1101 955 1180 loquentiam
976 1099 1101 1180 appellat

96 1181 192 1244 multis
218 1180 311 1261 adque
332 1183 414 1242 etiam
440 1183 675 1261 inpudentissimo
697 1187 800 1264 cuique
829 1187 948 1246 maxime
973 1186 1099 1262 contigit.

96 1264 219 1327 Postero
242 1264 287 1325 die
304 1264 373 1325 dixit
393 1284 446 1345 pro
460 1267 573 1327 Vareno
594 1266 742 1329 Homullus
764 1267 868 1328 callide
883 1271 989 1329 acriter
1011 1268 1124 1342 culte,6

98 1358 198 1409 contra
211 1346 345 1426 Nigrinus
358 1367 461 1429 presse
473 1353 598 1427 graviter
612 1360 719 1411 ornate.
741 1349 859 1412 censuit
870 1350 981 1412 Acilius
996 1351 1099 1427 liuius,

97 1431 200 1494 consul
215 1431 397 1509 designatus,
413 1433 623 1512 inquisitionem
636 1434 764 1508 Bithynis
780 1433 911 1495 dandam:
932 1435 1099 1514 postulatio·

57 1525 89 1578 15
96 1534 164 1576 nem
176 1514 282 1577 Vareni
296 1515 410 1577 silentio
426 1517 581 1593 praeteriit.
608 1516 689 1577 llaec
703 1517 792 1578 iorma
806 1516 928 1594 negandi
942 1518 1006 1576 luit.
1028 1515 1122 1576 Gor-i

95 1599 190 1660 nelius
209 1598 324 1662 Priscus
347 1599 503 1661 consularis
524 1607 553 1660 et
574 1600 787 1661 accusatoribus
812 1619 885 1679 quae
910 1601 1045 1679 petebant
1070 1609 1100 1662 et

95 1700 148 1744 reo
161 1683 271 1761 tribuit,
288 1683 415 1762 vicitque
428 1700 556 1743 numero.
576 1682 790 1763 Impetravimus
804 1703 864 1744 rem
878 1703 932 1745 nec
947 1683 1014 1762 lege
1032 1701 1099 1745 con·

94 1766 268 1846 prehensam
283 1784 339 1827 nec
359 1768 426 1828 satis
444 1768 590 1845 usitatam,
616 1769 717 1828 iustam
738 1777 839 1828 tamen.
870 1767 965 1842 Quare
987 1770 1124 1844 iustam,8

94 1867 153 1910 non
167 1868 230 1910 sum
244 1849 365 1930 epistula
380 1860 578 1929 exsecuturus,
595 1861 626 1911 ut
641 1851 790 1913 desideres
808 1853 960 1912 actionem.
989 1849 1059 1913 Nam
1075 1853 1099 1911 si

56 1945 196 2000 bonerum
212 1944 257 1994 est
272 1931 451 1995 Homericum
465 1933 536 1995 illud

181 2010 245 2114 τὴν
257 2010 321 2116 γὰρ
333 2008 453 2114 ἀοιδὴν
466 2018 619 2113 μᾶλλον
605 2007 810 2078 ἐπικλείουσ’
824 2008 1013 2097 ἄνθρωποι,

180 2091 204 2180 ἥ
221 2119 270 2172 τις
282 2091 500 2162 ἀκουόντεσσι
512 2095 659 2179 νεωτάτη
671 2092 905 2179 ἀμφιπέληται,

96 2183 304 2264 providendum
318 2194 364 2246 est
376 2184 443 2244 mibi
458 2204 494 2245 ne
509 2185 625 2262 gratiam
639 2185 770 2245 novitatis
784 2192 814 2244 et
824 2183 934 2260 dorem,
953 2201 1025 2263 qnae
1037 2199 1099 2240 ora-

94 2267 251 2330 tiunculam
264 2267 342 2328 illam
355 2268 403 2329 vel
417 2270 536 2329 maxime
554 2267 747 2345 commendat,
770 2266 911 2346 epistulae
926 2266 1099 2348 loquacitate

51 2367 293 2431 aspraecerpam.
328 2351 411 2413 Vale.

493 2481 702 2563 numm

352 2582 379 2633 O.
399 2582 525 2634 PLINIUS
542 2581 723 2634 SATURNINO
742 2583 802 2634 SUO
822 2583 848 2633 S.

159 2683 248 2744 Varie
267 2702 313 2744 me
327 2684 495 2744 adiecerunt
514 2683 626 2745 litterae
649 2693 730 2745 tuae:
753 2701 816 2744 nam
836 2685 936 2762 partim
950 2682 1023 2742 laeta
1036 2694 1122 2758 part

52 2770 145 2840 actim
165 2767 257 2830 tristia
273 2768 468 2828 confluebant:
496 2767 585 2845 laeta,
610 2768 687 2846 quod
706 2775 735 2828 te
755 2769 784 2827 in
798 2767 869 2826 urbe
888 2765 979 2826 teneri
993 2765 1100 2823 nuntia·

95 2852 178 2922 bant;
195 2849 327 2910 ‘nollem'
344 2853 453 2930 inquis,
476 2849 528 2911 sed
546 2867 602 2927 ego
616 2849 700 2909 volo:
721 2859 887 2929 praeterea,
907 2847 983 2925 quod
997 2847 1102 2906 recita-

94 2943 189 2995 turum
204 2935 297 2994 statim
310 2944 341 2995 ut
354 2936 498 2994 venissem
509 2933 733 3011 pollicebantur;
758 2949 813 3010 ago
830 2932 934 3008 gratim
958 2930 1034 3008 quod
1050 2949 1100 2989 ex·

96 3026 210 3097 pector.
243 3015 336 3078 Triste
355 3016 425 3077 illud
446 3018 522 3095 quod
537 3016 624 3077 lulius
637 3015 744 3076 Valens
758 3017 882 3094 graviter
898 3014 988 3083 iacet;
1006 3031 1100 3092 quam·
1108 3026 1125 3077 ι

96 3117 180 3180 quarn
200 3117 238 3161 ne
261 3101 318 3162 hoc
338 3099 451 3180 quidem
470 3101 568 3178 triste,
595 3102 619 3162 si
640 3099 716 3160 illius
739 3099 903 3160 utilitatibus
924 3098 1100 3174 aestimetur,
1144 3109 1147 3114 ·

53 3186 178 3248 tocnim
198 3185 319 3246 interest
338 3201 422 3264 quam
442 3185 628 3245 maturissime
648 3180 842 3262 inexplicabili
859 3181 959 3242 morbo
975 3181 1099 3242 liberari

96 3266 170 3329 lllud
184 3265 270 3346 plane
285 3283 342 3328 non
356 3267 437 3328 triste
453 3269 545 3328 solum
559 3285 659 3328 verum
674 3269 757 3327 etiam
771 3265 934 3328 luctuosum
956 3262 1032 3343 quod
1053 3262 1098 3323 Iu·
1105 3273 1123 3324 3

96 3349 151 3412 lius
165 3349 267 3413 Avitus
283 3350 419 3429 decessit,
435 3351 500 3411 dum
518 3371 555 3412 ex
570 3360 721 3430 quaestura
734 3348 825 3428 redit,
841 3349 988 3410 decessit
980 3366 1008 3406 m
1023 3347 1098 3422 navi,

98 3434 198 3515 procul
213 3435 329 3497 airatre
345 3436 545 3514 amantissimo,
560 3432 661 3515 procul
673 3452 689 3494 a
703 3443 802 3513 matre,
818 3452 835 3494 a
849 3431 1002 3495 sororibus.
1023 3428 1123 3489 Nihili
