2400 3840
104 189 167 256 nso
279 253 288 275 ,
523 184 556 249 c.
579 183 676 248 rum

103 345 143 405 ris
163 342 284 405 adventu
305 341 464 420 legatorum
485 338 605 418 dignitas
625 337 806 399 inumbratur.
845 336 888 397 'lu
909 347 1002 399 tamen
1018 339 1107 399 maior

104 427 233 489 omnibus
249 425 363 505 quidem
378 441 459 502 oras,
476 423 528 486 sed
543 425 604 484 sine
619 421 704 484 ullins
720 422 911 484 deminutione
921 422 1024 483 maior:
1041 441 1106 482 ean·

105 511 170 572 dem
184 512 380 571 auctoritatem
394 517 547 588 praesente
568 516 599 567 te
620 508 742 586 quisque
764 523 847 585 quam
866 506 985 567 absente
1000 508 1104 567 retine·

104 596 166 664 bat;
193 595 260 674 quin
282 595 367 655 etlam
381 591 528 673 plerisque
543 608 580 652 ex
595 608 631 651 eo
646 592 806 652 reverentia
820 600 1000 668 accesserat,
1029 590 1105 670 quod

104 687 134 740 tn
151 695 267 759 quoque
282 677 348 738 illos
364 676 545 738 reverebare.
569 673 668 754 ltaque
682 673 802 753 perinde
817 675 934 736 summis
949 683 1035 753 atque
1046 675 1105 734 inii·
1123 677 1139 728 5

103 765 158 824 mis
172 780 266 841 carus,
283 764 325 822 sic
336 762 535 840 imperatorem
551 757 826 836 commilitonemque
840 759 996 818 miscueras
1008 768 1037 818 ut
1049 768 1105 818 stu·

105 847 181 908 dium
202 847 323 906 omnium
343 844 526 922 laboremque
548 852 577 903 et
595 852 734 920 tamquam
754 851 872 902 exactor
891 842 1055 903 intenderes
1078 852 1106 902 et

104 939 245 1009 tamquam
261 931 406 1008 particeps
422 929 576 1006 sociusque
590 925 743 987 relevares.
776 924 891 986 Felices
906 924 973 986 illos
989 943 1107 1005 qnorum

106 1014 176 1074 ildes
192 1024 221 1074 et
235 1013 371 1073 industria
387 1029 443 1071 non
457 1028 511 1089 per
530 1011 716 1070 internuntios
736 1017 767 1069 et
787 1011 975 1089 interpretes,
1003 1009 1056 1069 sed
1072 1010 1107 1069 ab

104 1100 170 1174 ipso
186 1104 232 1173 te,
258 1113 314 1156 nec
330 1095 442 1154 auribus
457 1096 511 1153 tuis
532 1093 585 1152 sed
601 1093 693 1154 oeulis
707 1092 911 1172 probabantur!
948 1090 1105 1153 Consecuti
1118 1101 1147 1152 lu

51 1252 56 1261 1
106 1188 169 1239 sunt
189 1188 220 1237 ut
240 1178 345 1238 absens
368 1193 483 1256 quoque
507 1175 542 1235 de
563 1176 728 1238 absentibus
743 1179 846 1238 nemini
866 1177 955 1254 magis
977 1195 1060 1255 quam
1073 1178 1107 1236 ti·

54 1263 95 1326 20
106 1264 134 1323 bi
153 1261 297 1323 crederes.
342 1260 400 1322 lam
421 1271 451 1322 te
468 1262 570 1321 civium
591 1259 732 1321 desideria
755 1261 944 1339 revocabant,
971 1277 1108 1321 amorem·

105 1365 162 1426 que
183 1355 338 1407 castrorum
360 1346 512 1425 superabat
532 1346 632 1406 caritas
649 1346 766 1424 patriae.
801 1344 860 1405 lter
880 1343 946 1405 inde
967 1344 1108 1423 placidum

103 1450 137 1491 ao
152 1429 311 1492 modestum
326 1439 355 1490 et
370 1429 454 1509 plane
470 1448 486 1490 a
501 1446 573 1507 paee
586 1427 741 1489 redeuntis.
768 1427 831 1490 Nec
845 1444 917 1489 vero
933 1446 991 1506 ego
1006 1431 1035 1488 in
1049 1428 1107 1488 lau-

104 1515 185 1575 dibus
207 1517 261 1576 tuis
283 1532 385 1594 ponam
406 1513 483 1593 quod
503 1513 653 1573 adventum
674 1522 751 1572 tuum
770 1529 826 1572 non
847 1520 930 1591 pater
945 1514 1104 1592 quisquam,
1117 1516 1149 1569 15

103 1617 160 1660 non
172 1601 287 1659 maritus
303 1600 432 1677 expavit:
447 1597 588 1657 adfectata
599 1596 661 1657 aliis
674 1596 805 1674 castitas,
820 1596 870 1657 tibi
884 1597 1010 1674 ingenita
1025 1605 1054 1658 et
1067 1598 1107 1656 in·

104 1690 182 1758 nata,
198 1683 329 1759 interque
344 1699 378 1741 ea
393 1699 466 1760 qnae
485 1682 614 1757 inputare
629 1697 685 1741 non
701 1680 808 1758 possis.
828 1678 931 1740 Nullus
946 1681 975 1739 in
989 1681 1107 1757 exigen-

105 1766 147 1824 dis
161 1763 301 1823 vehiculis
316 1764 469 1842 tumultus,
485 1761 590 1826 nullum
606 1765 682 1825 circa
693 1763 815 1841 hospitia
829 1763 984 1837 fastidium
999 1781 1107 1823 annona

105 1864 177 1925 quae
198 1847 317 1916 ceteris;
342 1847 453 1907 adhoc
475 1847 624 1908 comitatus
644 1846 791 1907 adcinctus
807 1856 836 1907 et
849 1865 966 1926 parens:
992 1845 1106 1906 diceres

104 1948 235 2008 magnum
247 1931 370 2009 aliquem
386 1931 503 2009 ducem,
524 1949 558 1991 ao
579 1940 608 1991 te
624 1932 817 2009 potissimum,
837 1931 873 1990 ad
889 1932 1034 1991 exercitus
1049 1932 1150 1989 ire220

104 2014 176 2074 adeo
192 2014 259 2074 nibil
280 2023 327 2075 aut
348 2025 427 2077 certe
442 2031 540 2094 parum
554 2016 689 2075 intererat
703 2017 776 2075 inter
789 2016 988 2092 imperatorem
1002 2013 1107 2074 lactum

105 2107 134 2157 et
148 2098 280 2159 loturum.
305 2097 395 2172 Quam
410 2098 554 2161 dissimilis
568 2116 659 2177 nuper
674 2096 791 2158 alterius
808 2100 945 2177 principis
959 2097 1106 2159 transitus!

104 2184 128 2240 si
144 2191 237 2243 tamen
250 2185 384 2245 transitus
400 2183 467 2262 ille,
482 2200 539 2243 non
549 2182 698 2262 populatio
715 2181 783 2259 luit,
800 2200 865 2243 cum
878 2184 995 2243 abactus
1010 2182 1107 2259 hospi·

105 2274 163 2324 tum
184 2275 352 2345 exerceret,
376 2269 524 2346 omniaque
545 2266 645 2327 dextra
666 2266 805 2344 laevaque
821 2273 938 2345 perusta
953 2274 983 2327 et
1003 2269 1105 2342 attrita,

104 2358 134 2407 ut
155 2351 179 2408 si
199 2351 243 2410 vis
266 2350 359 2427 aliqua
379 2351 426 2411 vel
447 2353 502 2429 ipsi
522 2348 563 2409 illi
578 2350 689 2410 barbari
706 2367 778 2428 quos
793 2350 921 2428 fugiebat
937 2349 1147 2412 incideremus

103 2429 331 2490 Persuadendum
349 2436 503 2509 provinciis
518 2443 579 2494 erat
594 2432 664 2493 illud
684 2435 739 2494 iter
758 2433 909 2495 Domitiani
931 2433 1032 2510 fuisse,
1049 2449 1106 2492 non

104 2512 249 2589 principis.
286 2513 385 2592 ltaque
406 2533 463 2576 non
484 2526 540 2577 tam
561 2533 614 2594 pro
635 2526 682 2577 tua
702 2517 793 2595 gloria
815 2535 897 2596 quarn
918 2535 970 2596 pro
985 2516 1106 2577 utilitate

104 2596 243 2655 communi
264 2595 360 2657 edicto
382 2599 529 2658 subiecisti
545 2599 612 2676 quid
625 2602 653 2659 in
668 2611 818 2681 utrumque
832 2611 959 2662 vestrum
972 2609 1051 2662 esset
1065 2601 1106 2659 in·

103 2696 231 2756 pensum.
265 2679 427 2742 Adsuescat
447 2683 599 2759 imperator
615 2701 677 2743 oum
692 2687 811 2766 imperio
826 2685 967 2746 calculum
981 2703 1105 2765 ponere:

103 2766 145 2823 sic
160 2774 260 2843 exeat,
289 2764 461 2843 decedent,
489 2776 630 2845 tamquam
649 2770 788 2828 rationem
807 2769 984 2838 redditurus;
1012 2768 1146 2829 edicattu

104 2847 170 2924 quid
185 2849 383 2930 absumpserit.
409 2850 451 2911 lta
466 2851 515 2911 liet
526 2859 557 2909 ut
571 2868 627 2910 non
644 2851 773 2911 absumat
788 2852 864 2930 quod
879 2852 985 2930 pudeat
998 2852 1104 2912 dicere.

103 2928 253 2992 Praeterea
274 2934 359 2994 futuri
379 2935 542 3013 principes,
565 2933 654 2995 velint
674 2935 781 3014 nolint,
803 2937 894 2996 sciant
908 2935 989 2996 'lenti
1005 2935 1103 3013 [tuum]

102 3021 230 3091 constat,
257 3019 473 3097 propositisque
494 3016 604 3078 duobus
630 3018 769 3096 exemplis
791 3021 968 3080 meminerint
987 3018 1106 3098 perinde

102 3095 292 3158 coniecturam
308 3100 343 3160 de
358 3102 484 3161 moribus
500 3101 558 3160 suis
572 3099 701 3162 homines
713 3120 781 3163 esse
793 3102 937 3180 facturos,
953 3112 1039 3182 prout
1050 3102 1106 3161 hoo

101 3176 148 3237 vel
163 3176 232 3237 illud
246 3181 396 3259 elegerint.
1116 3193 1149 3246 35

49 3250 89 3316 21
163 3261 264 3323 Nonne
280 3263 323 3325 bis
337 3274 379 3324 tot
393 3268 534 3347 tantisque
547 3269 654 3327 meritis
669 3285 760 3329 noros
776 3268 887 3347 aliquos
899 3269 1041 3345 bonores,
1055 3285 1106 3327 no-

100 3359 153 3404 vos
174 3347 271 3408 titulos
294 3347 463 3409 merebere?
490 3352 529 3410 At
550 3360 580 3411 tu
601 3351 686 3410 etiam
708 3353 795 3429 patris
813 3354 921 3430 patriae
941 3352 1105 3414 recusabas.

101 3423 190 3496 Quam
210 3430 296 3509 longa
317 3430 399 3491 nobis
415 3450 479 3491 curn
491 3432 631 3493 modestia
648 3440 696 3491 tua
711 3435 821 3512 pugna!
848 3454 931 3514 quam
945 3436 1024 3497 tarde
1039 3437 1109 3496 vici·
