2400 3848
122 153 165 216 90
549 147 582 209 G.
603 146 699 209 PLlNl

125 303 287 366 comoedias
304 301 387 362 audio
402 311 431 362 et
445 311 549 381 specto
563 303 663 361 mimos
681 310 709 361 et
723 300 830 376 lyricos
845 298 918 377 lego
934 309 964 361 et
981 300 1125 363 Sotadicos

123 387 278 463 intellego;
292 385 441 464 aliquando
453 395 602 465 praeterea
615 383 711 462 rideo,
726 386 826 460 iocor,
841 382 922 462 ludo,
940 394 1031 464 utque
1043 389 1126 447 omnia

123 472 255 531 innoxiae
277 471 452 531 remissionis
474 486 580 547 genera
600 468 727 529 breviter
749 467 924 545 amplectar,
951 468 1041 530 bomo
1062 488 1126 530 sum.

102 553 189 621 allec
208 571 279 614 vcro
300 552 422 616 moleste
444 553 506 614 iero
527 551 600 612 banc
617 569 686 612 esse
705 551 742 612 de
755 551 881 610 moribus
896 553 972 613 meis
988 555 1126 614 existima·

125 639 248 715 tionem,
268 646 298 696 ut
315 640 362 716 qui
382 639 513 698 nesciunt
527 635 592 696 talia
610 634 791 696 doctissimos
806 635 997 711 gravissimos
1013 638 1144 698 sanctis-5

100 724 212 788 dsimos
227 720 355 782 homiues
373 723 551 800 scriptitasse
567 736 612 778 me
629 719 758 779 scribere
773 719 917 777 mirentur.
943 718 992 779 Ab
1011 718 1069 782 illis
1086 737 1128 780 au·

23 880 25 885 .
126 814 184 866 tem
199 805 300 884 quihus
317 814 414 866 notum
433 813 478 866 est
493 820 565 882 quos
583 811 760 881 quantosque
774 810 906 862 auctores
926 820 1035 881 sequar
1048 803 1127 864 facile

125 890 270 967 impetrari
280 905 369 967 posse
384 887 496 948 confido
510 896 541 947 ut
555 903 649 946 errare
664 904 720 962 me,
735 883 787 945 sed
802 902 864 944 curn
879 882 937 944 illis
954 888 1049 946 sinant
1063 904 1127 966 quo·

124 991 186 1032 rum
205 989 262 1032 non
282 973 356 1032 scria
378 971 462 1030 modo
481 987 581 1028 verum
601 971 685 1030 etiam
705 968 784 1030 lusus
805 969 969 1046 exprimere
989 968 1127 1032 laudabile

100 1064 180 1117 uest.
203 1055 248 1114 An
262 1070 319 1130 ego
333 1071 435 1114 verear
450 1054 606 1133 (neminem
619 1055 790 1130 viventium,
802 1071 839 1112 ne
854 1070 938 1130 quam
955 1054 984 1112 in
1001 1057 1156 1132 speciemlt

126 1134 293 1197 adulationis
308 1136 444 1214 incidam,
467 1134 631 1214 nominabo)
646 1137 698 1198 sed
715 1154 771 1215 ego
785 1153 888 1196 verear
900 1154 938 1196 ne
954 1155 1002 1197 mc
1017 1156 1075 1197 non
1088 1156 1128 1199 sa·

126 1222 163 1282 tis
178 1219 280 1281 deceat
295 1219 371 1300 quod
392 1221 487 1281 decuit
504 1218 542 1284 tt.
558 1217 689 1297 Tullium,
705 1217 739 1280 (J.
752 1218 880 1295 Calvum,
892 1218 1026 1280 Asinium
1040 1220 1128 1282 Polio·

126 1321 201 1381 nem,
217 1303 255 1365 Μ.
271 1303 444 1382 Messallam,
461 1303 496 1378 Q.
514 1303 705 1381 Hortensium,
717 1302 756 1362 Μ.
768 1303 893 1378 Brutum,
907 1301 938 1361 L.
957 1302 1078 1383 Sullam,
1094 1303 1126 1377 Q.

127 1387 268 1466 Catulum,
286 1388 322 1463 Q.
338 1388 524 1466 Scaevolam,
543 1387 672 1449 Servium
689 1386 860 1465 Sulpicium,
875 1383 1047 1467 Varronem,
1062 1386 1127 1448 Tor·

128 1481 258 1551 quatum,
284 1475 367 1532 immo
383 1470 557 1552 Torquatos,
577 1468 610 1531 G.
626 1470 802 1547 Memmium,
822 1467 989 1547 lentulum,
1007 1469 1157 1532 Gaetuli-lt

128 1573 202 1633 curn,
217 1555 363 1616 Annaeum
378 1554 529 1632 Senecam,
544 1553 697 1631 lucanum,
713 1563 743 1614 et
757 1555 885 1632 proxime
900 1551 1127 1631 Verginiumllu·

127 1638 196 1716 ium,
212 1647 242 1697 et
256 1641 281 1698 si
295 1657 352 1699 non
369 1638 512 1698 sufiiciunt
526 1636 657 1714 exempla
668 1638 787 1715 privata,
802 1635 897 1696 dirum
908 1636 1022 1716 lulium,
1039 1638 1127 1698 dirum

101 1720 304 1798 6Augustum,
328 1720 422 1779 divum
449 1719 588 1797 Nervam,
616 1717 758 1780 Tiberium
780 1717 953 1781 Gaesarem?
985 1719 1126 1782 Neronem

127 1804 202 1863 enim
216 1811 348 1880 transeo,
372 1805 498 1882 quamvis
520 1805 608 1864 sciam
628 1820 685 1863 non
707 1805 848 1881 corrumpi
870 1805 898 1862 in
914 1802 1042 1865 deterius
1058 1824 1127 1885 quae

126 1885 275 1963 aliquando
298 1888 381 1948 etiarn
400 1905 416 1946 a
435 1886 531 1965 malis,
552 1885 604 1948 scd
624 1886 744 1949 honesta
766 1905 879 1947 manere
894 1904 968 1964 quae
983 1891 1099 1966 saepius
1112 1897 1158 1949 att

125 1970 208 2030 bonis
224 1971 299 2031 fiunt.
334 1971 412 2031 luter
426 1988 499 2050 quos
516 1969 563 2031 vel
578 1972 734 2051 praecipue
748 1969 934 2030 numerandus
951 1982 997 2032 est
1011 1971 1043 2030 P.
1058 1971 1127 2031 Ver·

126 2054 223 2134 gilius,
240 2052 391 2117 Cornelius
406 2055 524 2135 Nepos,
539 2064 569 2115 ct
583 2057 661 2134 prius
675 2054 769 2115 Attius
782 2052 957 2133 Enniusque.
988 2053 1055 2115 Nou
1070 2057 1126 2134 qui·

126 2140 190 2200 dem
205 2139 234 2199 hi
254 2150 419 2218 senatores,
448 2140 501 2200 sed
521 2141 654 2200 sanctitas
676 2155 784 2198 morum
802 2155 859 2198 uon
874 2137 958 2197 distat
973 2137 1124 2199 ordinibus.

100 2222 229 2288 tRecito
244 2232 355 2300 tamen,
372 2223 448 2301 quod
463 2221 504 2280 illi
518 2240 553 2282 an
567 2222 689 2282 iecerint
703 2222 812 2282 nescio.
838 2220 945 2280 Etiam:
965 2222 1018 2282 sed
1032 2222 1075 2282 illi
1087 2224 1125 2282 iu·
1196 2284 1198 2295 ,

127 2305 202 2365 dicio
225 2321 278 2365 suo
298 2314 430 2383 poterant
452 2320 520 2364 esse
542 2306 684 2380 contenti,
706 2304 773 2364 mihi
793 2303 949 2365 modestior
970 2306 1160 2367 constantinii

103 2397 173 2451 sest
193 2405 276 2464 quam
297 2397 327 2446 ut
348 2389 415 2447 satis
430 2386 590 2447 absolutum
604 2396 700 2464 putem
716 2387 793 2466 quod
808 2407 825 2448 a
839 2406 885 2447 me
897 2388 1046 2467 probetur.
1075 2388 1127 2449 lta-

126 2487 182 2546 que
197 2469 247 2529 has
262 2470 399 2529 recitandi
415 2487 515 2530 causas
529 2488 653 2549 sequor,
669 2472 804 2549 primum,
821 2470 897 2549 quod
910 2473 975 2551 ipse
991 2474 1039 2550 qui
1055 2473 1127 2533 reci·

125 2561 165 2613 tat
181 2552 323 2631 aliquanto
338 2555 431 2613 acrius
443 2554 557 2630 scriptis
573 2555 631 2614 suis
646 2552 803 2614 auditorum
822 2556 984 2615 reverentia
998 2554 1126 2632 intendit,

125 2637 244 2713 deinde,
268 2635 345 2715 quod
359 2635 395 2696 de
411 2636 512 2715 quibus
527 2636 635 2697 dubitat
649 2639 729 2716 quasi
744 2656 781 2698 ex
796 2637 906 2699 consilii
920 2641 1062 2699 sententia
1073 2649 1128 2699 sta·

102 2724 185 2784 9tuit.
219 2719 307 2782 lilulta
324 2721 408 2781 etiarn
429 2739 445 2780 a
461 2718 555 2781 multis
572 2719 754 2798 admonetur,
776 2731 806 2782 et
822 2722 847 2783 si
860 2738 917 2781 non
931 2720 1164 2801 admoneamur

125 2806 191 2883 quid
208 2807 329 2885 quisque
344 2805 447 2866 sentiat
461 2806 600 2883 perspicit
615 2822 652 2866 ex
668 2803 747 2866 vultu
768 2803 860 2865 oculis
874 2813 942 2864 nutu
956 2822 1039 2864 manu
1054 2823 1128 2865 mur·

153 2905 204 2948 ure
220 2889 348 2960 silentio;
371 2908 443 2968 quae
465 2891 534 2950 satis
547 2890 654 2968 apertis
667 2890 742 2950 notis
756 2887 890 2948 iudicium
902 2887 938 2947 ab
957 2887 1128 2953 humanitate

82 2978 117 3032 1⁰
143 2971 299 3032 iscernunt.
327 2973 423 3051 Atque
444 2973 533 3048 adeo,
561 2974 586 3032 si
609 2974 653 3033 cui
673 2972 749 3033 forte
762 2989 860 3032 eorum
875 2973 923 3049 qni
939 2971 1129 3033 interfuerunt

124 3069 210 3112 curae
225 3053 310 3115 fuerit
324 3056 424 3117 eadem
434 3055 483 3116 iila
493 3055 605 3133 legere,
620 3054 770 3133 intelleget
781 3074 827 3115 me
838 3054 975 3133 quaedam
990 3065 1038 3115 aut
1050 3074 1128 3117 com·

125 3144 249 3197 mutasse
260 3148 308 3197 aut
318 3141 509 3216 praeterisse,
522 3139 644 3199 fortasse
656 3141 741 3199 etiam
752 3157 789 3199 ex
800 3156 853 3199 suo
864 3137 987 3216 iudicio,
1001 3142 1129 3217 quamvis
1137 3147 1167 3202 35

82 3228 116 3282 11
126 3220 189 3297 ipse
201 3219 269 3279 nihil
279 3220 380 3281 dixerit
390 3222 466 3282 milri.
481 3221 575 3300 Atque
586 3220 659 3282 haec
670 3222 709 3280 ita
720 3220 847 3300 disputo,
859 3223 939 3299 quasi
951 3220 1091 3299 populum
1102 3226 1130 3284 in

109 3303 307 3380 auditorium,
325 3307 427 3364 nonin
444 3304 606 3365 cubiculum
624 3305 730 3364 amicos
748 3304 925 3382 advocarim,
944 3304 1128 3383 quasplures

123 3385 231 3448 babere
246 3386 341 3447 multis
355 3386 528 3467 gloriosum,
542 3386 758 3465 reprehensioni
773 3388 876 3448 nemini
890 3387 951 3447 fuit.
980 3386 1063 3449 Vale.
