2400 3848
94 163 155 227 170
244 206 247 215 ι
517 158 549 220 0.
573 157 669 220 PblNl

18 375 22 385 ,
94 319 208 379 daturus
223 318 252 376 in
266 333 362 376 manus
379 313 523 374 bominum
543 322 607 373 ante
628 315 782 373 amicorum
802 311 913 374 iudicio
931 313 1100 391 examinare,

92 404 120 462 in
136 402 233 480 primis
249 410 308 461 tuo.
342 397 481 475 Proinde,
502 398 527 457 si
544 396 673 475 quando,
696 416 772 457 nunc
786 396 906 459 intende
923 395 1000 457 libro
1023 416 1101 476 quem

92 504 158 547 cnm
171 485 224 546 bac
240 483 363 564 epistula
378 484 517 561 accipies,
530 483 594 560 quia
609 500 713 543 vereor
727 501 763 542 ne
775 483 840 560 ipse
855 491 887 542 ut
899 483 993 542 tristis
1009 500 1101 561 parum

91 570 268 630 intenderim.
291 567 435 648 lmperare
452 566 527 628 enim
542 565 633 626 dolori
645 575 675 627 ut
689 567 846 628 scriberem
860 567 958 645 potui,
972 576 1004 626 ut
1015 584 1099 626 vacuo

91 657 182 716 animo
199 654 334 732 laetoque
349 670 406 713 non
420 653 509 731 potui.
543 649 632 711 Porro
654 661 684 712 ut
706 670 743 711 ex
762 649 864 711 studiis
889 651 1041 729 gaudium,
1062 651 1119 714 sict

92 740 184 801 studia
195 738 335 800 bilaritate
350 736 530 817 proveniunt.
561 734 643 796 Vale.

565 868 628 930 XX.

382 969 409 1022 o.
429 967 552 1018 ramnus
572 966 679 1018 canno
697 967 757 1018 suo
777 965 802 1016 S.

66 1083 81 1135 l
148 1072 193 1132 Ad
209 1091 282 1151 quae
297 1069 442 1131 noscenda
457 1070 512 1131 iter
526 1069 648 1148 ingredi,
666 1071 856 1131 transmittere
871 1088 952 1132 maro
964 1071 1097 1150 solemus,
1106 1083 1130 1136 lo

91 1175 125 1216 ea
140 1156 193 1216 sub
211 1155 303 1216 oculis
318 1156 411 1233 posite
424 1153 622 1232 neglegimus,
638 1173 690 1215 seu
709 1156 773 1234 quia
787 1156 825 1215 ila
839 1165 940 1216 natura
956 1173 1097 1235 compara·

90 1248 148 1299 tum
162 1249 193 1300 ut
214 1241 406 1319 proximomm
426 1239 561 1299 incuriosi
581 1238 737 1317 longinqua
758 1247 921 1317 sectemur,
948 1259 1002 1301 seu
1024 1241 1097 1320 quod

91 1325 212 1384 omnium
223 1343 317 1385 rerum
332 1323 435 1403 cupido
448 1322 619 1401 languescit,
633 1342 697 1383 cum
710 1322 802 1385 facilis
817 1326 948 1403 occasio,
961 1343 1015 1386 seu
1026 1326 1097 1403 quod

91 1408 246 1470 differimus
263 1419 403 1488 tamquam
424 1425 512 1488 saepe
532 1409 620 1469 visuri
636 1408 712 1486 quod
733 1407 942 1486 daturvidere,
968 1413 1097 1488 quotiens

64 1493 162 1556 ivelis
178 1513 307 1555 cernere.
341 1493 527 1572 Quacumque
542 1492 579 1552 de
597 1510 698 1568 causa,
715 1491 855 1570 permulta
872 1493 901 1551 in
916 1494 990 1555 urbe
1005 1504 1098 1554 nostra
1106 1497 1130 1554 1⁵

90 1578 224 1657 iuxtaque
240 1579 340 1637 urbem
354 1595 410 1637 non
429 1577 521 1637 oculis
542 1576 626 1636 modo
642 1576 694 1637 sed
709 1595 746 1636 ne
762 1577 875 1638 auribus
892 1578 1009 1655 quidem
1022 1580 1097 1638 novi·

90 1679 163 1738 mus,
177 1680 250 1739 quae
264 1662 288 1721 si
303 1660 418 1721 tulisset
433 1660 554 1736 Achaia,
571 1660 739 1739 Aegyptos,
759 1660 829 1719 Asia
847 1660 938 1723 aliave
955 1662 1098 1740 quaelibet

91 1743 288 1803 miraculorum
315 1744 395 1804 ierax
421 1743 699 1822 commendatrixque
727 1754 819 1821 terra,
848 1744 942 1807 audita
971 1747 1098 1826 perlecta

63 1824 207 1890 blustrata
220 1826 400 1889 babercmus.
430 1826 498 1907 lpse
514 1837 593 1889 certe
608 1847 701 1908 nuper
718 1829 794 1908 quod
808 1847 863 1890 nec
876 1829 1021 1891 audieram
1037 1841 1097 1892 ante

90 1927 145 1969 nec
158 1911 283 1973 videram
299 1912 391 1972 audivi
407 1914 513 1991 pariter
527 1922 556 1973 et
569 1912 635 1971 vidi.
657 1912 803 1992 Exegerat
817 1931 959 1991 prosocer
973 1933 1055 1977 meus
1069 1923 1132 1978 utlt

89 1993 222 2058 Amerina
247 1996 362 2075 praedia
387 2014 438 2058 sua
468 1998 650 2076 inspicerem.
696 1997 774 2058 llaec
799 1997 1007 2077 perambulanti
1034 1999 1096 2059 mibi

90 2081 249 2142 ostenditur
269 2082 420 2143 subiacens
436 2080 516 2143 lacus
536 2084 649 2143 nomine
663 2081 840 2143 Vadimonis:
862 2083 946 2143 simul
962 2084 1097 2163 quaedam

63 2164 267 2226 dinoredibilia
280 2176 436 2226 narrantur.
467 2166 588 2227 Perveni
602 2166 637 2226 ad
655 2166 758 2245 ipsum.
791 2165 882 2227 Lacus
898 2170 987 2228 estin
1002 2168 1097 2228 simili·

88 2248 214 2309 tudinem
225 2252 343 2312 iacentis
358 2261 438 2311 rotae
454 2251 685 2330 circumscriptus
701 2259 730 2311 et
740 2250 864 2329 undique
877 2252 1022 2330 aequalis:
1038 2252 1096 2312 nul·

88 2330 134 2390 lus
151 2335 240 2410 sinus,
256 2333 408 2413 obliquitas
422 2334 510 2413 nulla,
527 2337 618 2395 omnia
631 2334 767 2413 dimensa,
781 2336 859 2414 paria
874 2345 903 2396 et
918 2338 1000 2414 quasi
1014 2337 1131 2398 antii-li

89 2415 132 2473 cis
147 2431 228 2474 manu
244 2426 342 2478 cavata
360 2428 390 2478 et
405 2422 510 2479 excisa.
545 2417 634 2480 Color
647 2418 762 2480 caerulo
778 2418 916 2497 albidior,
937 2420 1057 2481 viridior
1069 2431 1097 2481 et

88 2498 232 2576 pressior,
256 2498 381 2578 sulpuris
400 2501 473 2562 odor
492 2521 635 2582 saporque
658 2504 829 2582 medicatus,
854 2506 917 2582 vis,
938 2523 995 2583 qua
1009 2506 1098 2566 inacta

88 2579 253 2642 solidantur.
286 2582 414 2661 Spatium
433 2586 591 2663 modicum,
618 2589 694 2666 quod
716 2599 808 2648 tamen
830 2588 933 2649 sentiat
947 2599 1054 2650 ventos
1069 2599 1096 2649 et

62 2665 220 2728 eductibus
236 2670 414 2730 intumescat.
443 2667 526 2728 Nulla
544 2672 573 2729 in
588 2671 644 2731 boc
659 2675 738 2733 navis
755 2673 854 2752 (sacer
869 2673 972 2751 enim),
990 2675 1043 2734 sed
1058 2675 1096 2733 in·

88 2761 183 2812 natant
204 2751 331 2832 insulae,
354 2753 490 2813 herbidae
508 2771 606 2816 omnes
622 2755 775 2817 harundine
791 2767 821 2817 et
835 2758 938 2833 iunco,
964 2762 1133 2837 quaequeit

88 2833 141 2895 alia
162 2836 312 2900 fecundior
325 2837 408 2917 palus
424 2840 543 2918 ipsaque
560 2839 610 2903 illa
626 2843 789 2902 extremitas
806 2840 885 2901 lacus
908 2840 1004 2905 ellert.
1041 2843 1096 2901 Sua

89 2919 192 2996 cuique
210 2923 299 2998 ligura
313 2932 343 2982 ut
362 2923 477 2983 modus:
500 2927 610 2985 cunctis
626 2942 723 3004 margo
738 2924 870 3003 derasus,
885 2927 950 3003 quia
961 2925 1095 3005 irequen·

87 3005 132 3056 ter
146 3001 195 3073 vel
209 3002 285 3064 litori
301 3005 348 3067 vel
367 3007 420 3067 sibi
438 3006 537 3068 inlisae
556 3016 652 3070 terunt
670 3017 865 3087 temnturque.
896 3007 949 3068 Par
963 3010 1096 3070 omnibus

88 3078 222 3160 altitudo,
244 3104 295 3165 par
308 3088 424 3158 leuitas3
446 3091 554 3168 quippe
568 3093 597 3150 in
613 3094 742 3171 speciem
757 3095 869 3153 carinae
883 3092 981 3153 humili
998 3093 1095 3153 radice

62 3162 275 3231 olescendunt.
306 3170 385 3233 llaec
405 3173 441 3233 ab
465 3174 539 3232 omni
560 3172 651 3234 latere
672 3177 845 3254 perspicitur
866 3175 1024 3255 eademque
1048 3171 1130 3239 subl

88 3266 193 3328 spensa
216 3253 323 3329 pariter
341 3264 371 3314 et
389 3273 491 3316 mersa.
524 3254 666 3316 lnterdum
690 3260 803 3320 iunctae
830 3259 1041 3340 copulataeque
1067 3271 1095 3321 et

88 3335 242 3396 conduenti
264 3335 371 3398 similes
393 3349 475 3417 sunt,
498 3339 638 3400 interdum
660 3340 887 3404 discordantibus
903 3346 998 3405 ventis
1014 3345 1093 3424 dige-

86 3427 200 3502 runtur,
215 3436 434 3500 nonnumquam
447 3422 599 3489 destitutae
614 3426 815 3504 tranquillitate
830 3429 959 3507 singulae
976 3429 1094 3490 lluitant.
