2400 3840
370 189 633 253 EPISTULARUM
648 190 713 254 llll.
735 205 777 259 1⁰.
794 205 838 257 11.
1069 191 1109 258 73

584 343 621 404 X.

324 441 350 495 c.
370 440 495 493 ruinius
512 441 629 493 srnrro
649 441 764 493 sterno
784 442 844 494 suo
864 443 890 496 e.

162 559 275 620 Scribis
295 559 361 619 mibi
381 560 528 639 Sabinam,
550 580 624 641 quae
644 577 697 622 nos
715 561 831 638 reliquit
845 561 985 639 heredes,
1009 560 1133 625 blodo-l

72 652 175 707 ustum
191 659 307 704 servum
320 661 401 703 suum
421 663 558 724 nusquam
573 645 694 704 liberum
713 663 779 705 esse
798 647 938 724 iussisse,
961 645 1054 705 eidem
1068 655 1109 706 ta·

98 745 167 788 men
189 728 233 786 sic
254 725 444 807 adscripsisse
472 728 598 806 legatum
620 727 765 788 ‘blodesto
792 747 875 807 quern
898 729 1018 789 liberum
1040 748 1108 789 esse

10 820 25 857 -’
98 812 195 872 iussi?
227 808 347 883 Quaeris
370 812 436 890 quid
451 814 578 872 sentiam.
612 810 725 872 Contuli
739 829 803 871 curn
817 814 915 889 peritis
931 814 1009 872 iuris,
1032 809 1133 875 Gon-2

13 898 26 907 “
99 897 181 956 venit
195 895 270 954 inter
283 911 382 955 omnes
393 914 449 956 nec
462 895 622 956 libertatem
636 896 747 972 deberi,
764 898 827 974 quia
841 914 897 955 non
912 899 949 957 sit
963 896 1036 973 data,
1052 914 1108 956 nec

99 978 246 1055 legatum,
272 980 336 1056 quia
356 997 443 1038 servo
465 997 517 1040 suo
534 979 654 1040 dederit.
687 977 745 1039 Sed
765 978 831 1039 mihi
847 979 1012 1040 manifestus
1029 997 1110 1039 error

58 1062 232 1140 lovidetur,
253 1060 378 1141 ideoque
399 1072 468 1141 puto
489 1063 589 1142 nobis,
605 1064 685 1142 quasi
701 1065 850 1142 scripserit
865 1064 986 1141 Sabina,
1001 1063 1108 1123 facien-

100 1145 169 1206 dum
188 1144 264 1226 quod
287 1148 350 1226 ipsa
363 1149 517 1226 scripsisse
533 1166 567 1207 se
584 1146 713 1208 credidit.
745 1147 864 1208 confido
878 1165 1063 1209 accessurum
1078 1154 1134 1208 tet

100 1232 261 1290 sententiae
276 1247 368 1309 meae,
386 1248 449 1290 cum
464 1230 679 1309 religiosissime
691 1230 788 1292 soleas
800 1231 945 1293 custodire
959 1231 1108 1292 defuncto·

98 1330 163 1373 rum
176 1312 369 1392 voluntatem,
396 1332 479 1393 quarn
499 1315 581 1375 bonis
603 1314 756 1375 heredibus
776 1315 954 1377 intellexisse
979 1333 1032 1395 pro
1047 1317 1107 1374 iure

101 1406 158 1458 est.
187 1396 290 1475 Neque
310 1399 385 1458 enim
405 1400 496 1459 minus
516 1397 592 1477 apud
610 1415 663 1458 nos
684 1397 819 1464 honestas
842 1417 924 1477 quam
946 1398 1021 1478 apud
1035 1398 1107 1458 alios

58 1482 263 1551 15neccssitas
282 1480 369 1542 valet.
400 1480 528 1541 llloretur
550 1498 621 1557 ergo
641 1484 669 1541 in
689 1479 821 1541 libertate
837 1483 994 1542 sinentibus
1013 1482 1136 1560 nobis,4

100 1565 210 1626 fruatur
225 1562 339 1643 legato,
356 1568 436 1645 quasi
451 1565 544 1625 omnia
558 1564 774 1642 diligentissime
792 1567 908 1625 caverit.
940 1564 1021 1627 Cavit
1036 1567 1109 1626 enim

101 1665 177 1728 quac
188 1648 313 1710 heredes
330 1650 403 1710 bene
419 1648 519 1726 elegit.
550 1647 632 1708 Vale.

579 1795 620 1855 Χ]

59 1912 94 1966 m
279 1893 306 1944 c.
323 1893 449 1946 ruinius
464 1894 623 1946 eoeneum
642 1895 809 1945 nrnrernn'o
826 1893 885 1946 suo
905 1893 931 1948 e.

165 2012 317 2075 Audistine
337 2013 481 2074 Valerium
501 2015 672 2076 Licinianum
699 2017 727 2075 in
747 2015 844 2076 Sicilia
861 2013 1012 2094 profiteri?
1038 2029 1133 2081 non-1

101 2097 168 2157 dum
184 2106 213 2158 te
228 2107 299 2176 puto
314 2097 442 2166 audisse;
459 2108 505 2159 est
522 2101 597 2158 enim
610 2118 715 2160 recens
731 2100 854 2158 nuntius.
885 2096 1046 2158 Praetorius
1062 2097 1109 2159 hic

14 2208 19 2217 ·
100 2182 187 2242 modo
201 2183 276 2242 inter
290 2180 541 2260 eloquentissimos
559 2200 705 2243 causarum
719 2178 833 2243 actores
847 2179 1018 2262 habebatur,
1035 2199 1110 2242 nunc

101 2283 139 2326 eo
155 2264 262 2326 decidit
279 2275 310 2326 ut
326 2264 393 2326 exul
409 2264 444 2324 de
460 2276 609 2343 senatore,
630 2266 729 2327 rhetor
749 2265 784 2326 de
801 2274 913 2325 oratore
930 2265 1021 2342 lieret.
1052 2262 1134 2329 lta-2

57 2355 159 2426 deque
181 2351 246 2426 ipse
267 2351 295 2408 in
318 2349 495 2427 praefatione
518 2352 589 2411 dixit
604 2350 736 2420 dolenter
755 2361 786 2411 et
803 2351 928 2427 graviter
944 2354 1030 2426 ‘quos
1048 2349 1109 2427 tibi,

100 2431 242 2509 Fortuna,
264 2431 348 2493 ludos
363 2431 458 2494 facis?
480 2433 551 2496 facis
570 2436 646 2495 enim
660 2453 698 2495 ex
714 2434 894 2496 senatoribus
912 2432 1109 2512 professores,

100 2535 139 2578 ex
153 2515 369 2596 professoribus
385 2523 557 2579 senatores!
593 2516 646 2579 Gui
662 2520 822 2580 sententiae
837 2527 943 2579 tantum
958 2516 1034 2594 bilis,
1050 2527 1110 2578 tan·

99 2609 160 2660 tuns
179 2600 369 2661 amaritudinis
390 2603 465 2663 inest
487 2611 518 2662 ut
537 2603 604 2663 mihi
618 2602 747 2663 videatur
761 2603 827 2663 ideo
842 2601 993 2681 professus
1008 2610 1038 2661 ut
1052 2601 1109 2661 boc

101 2684 223 2745 diceret.
255 2683 349 2764 Idem,
378 2703 443 2745 cum
459 2683 570 2747 Graeco
591 2686 678 2766 pallio
698 2689 817 2747 amictus
839 2688 973 2747 intrasset
994 2685 1133 2762 (ostento

56 2769 176 2829 ddenim
194 2778 282 2846 togae
303 2771 365 2828 iure
385 2770 488 2848 quibus
512 2788 585 2848 aqua
605 2781 634 2832 et
653 2773 711 2848 igni
732 2769 913 2830 interdictum
929 2767 1110 2845 est),‚post·

100 2870 185 2931 quam
202 2870 236 2912 se
257 2855 418 2932 composuit
435 2856 698 2933 circumspexitque
719 2853 844 2913 habiturn
865 2869 962 2927 suurn,
986 2849 1108 2911 ‘Latine’

99 2934 199 3014 inquid
215 2935 435 2998 ‘declamaturus
450 2944 534 2998 sum’
556 2936 646 2998 Dices
662 2939 752 2998 tristia
763 2946 792 2996 et
804 2933 974 3013 miseranda,
994 2934 1134 3012 dignums

100 3028 195 3080 tamen
215 3019 311 3098 illum,
338 3023 386 3100 qui
407 3021 479 3082 baec
498 3023 562 3100 ipsa
581 3020 674 3083 studia
693 3022 797 3080 incesti
818 3019 933 3080 scelere
952 3018 1108 3080 macularit.

101 3101 262 3165 Confessus
282 3114 327 3165 est
342 3105 457 3183 quidem
472 3103 628 3183 incestum,
644 3104 703 3171 ,sed
717 3107 857 3164 incertum
872 3113 964 3163 utrum
979 3104 1044 3181 quia
1058 3109 1133 3163 ved

57 3194 164 3250 darum
179 3197 240 3248 erat
259 3206 294 3247 an
315 3191 380 3267 quia
397 3191 528 3267 graviora
548 3190 709 3265 metuebat,
735 3191 759 3248 si
780 3197 927 3266 negasset.
959 3187 1110 3247 Fremebat

100 3273 177 3333 enim
190 3270 368 3334 Domitianus
383 3274 586 3353 aestuabatque
603 3274 711 3350 ingenti
731 3273 839 3333 invidia
857 3272 1017 3334 destitutus.
1040 3269 1134 3330 Nemo

102 3373 167 3415 curn
180 3353 355 3434 Corneliam,
371 3356 527 3418 Vestalium
547 3359 709 3433 maximam,
737 3356 875 3418 defodere
896 3358 988 3417 vivam
1006 3371 1099 3415 concu

100 3440 211 3519 pisset,
230 3449 261 3500 ut
276 3441 324 3519 qui
338 3439 480 3503 inlustrari
500 3440 647 3502 saeculum
660 3458 742 3501 suurn
756 3441 895 3504 eiusmodi
911 3436 1052 3517 exemplis
1067 3454 1111 3496 ar·

1118 3590 1156 3624 -Ἀ
