2400 3840
1053 86 1072 125 ι
1093 56 1097 65 ,

106 115 168 180 138
532 113 567 176 C.
587 112 683 175 PLlNl

106 268 253 330 suaserim.
283 266 321 329 Ut
336 269 409 329 enim
424 276 516 328 terrae
535 269 620 327 variis
636 268 809 346 mutatisque
823 228 992 343 seminibus,
1012 267 1045 326 ita
1056 267 1087 325 in·

79 354 188 430 egenis
203 361 299 411 nostra
315 369 388 411 nunc
404 350 458 410 hac
478 369 552 411 nunc
568 350 615 411 illa
630 351 813 411 meditatione
827 349 1000 410 recoluntur.
1029 349 1089 410 llolo

107 432 247 496 interdum
260 434 384 514 aliquem
401 453 439 496 eu
449 434 567 494 historia
584 434 680 495 locum
693 432 904 512 adprehendat,
920 433 988 495 volo
1002 434 1090 513 epistu-

106 520 161 579 lam
178 517 341 596 diligentius
363 519 482 580 scribas.
513 517 584 577 Nam
605 535 693 595 saepe
713 520 743 577 in
762 519 908 578 orationes
924 534 1034 597 quoque
1047 535 1092 578 non
1146 590 1148 597 Ι

105 604 240 664 historica
255 604 339 665 modo
355 603 407 664 sed
422 620 513 682 prope
532 605 647 679 politica
662 601 885 681 descriptionum
896 604 1051 664 necessitas
1061 603 1108 661 int

80 686 185 766 ecidit,
200 696 229 748 et
241 705 360 766 pressos
374 703 469 747 sermo
487 704 632 764 purosque
648 704 686 744 ex
703 685 834 764 epistulis
846 687 964 764 petitur.
995 685 1046 747 Fas
1059 694 1095 746 est

106 781 135 833 et
151 773 272 832 carmine
288 772 403 847 remitti,
419 787 476 828 non
490 770 555 829 dico
572 771 705 829 continuo
723 778 752 828 et
767 769 855 848 longo
869 768 915 848 (ic'
927 772 1001 830 enim
1011 769 1096 850 periei
1144 780 1147 785 ·

107 857 204 916 nisiin
226 857 283 915 otio
304 869 360 913 non
382 851 510 930 potest),
534 852 587 913 sed
601 853 657 913 boc
672 862 773 930 arguto
789 863 817 913 et
832 854 931 932 brevi,
954 853 1031 934 qnod
1042 861 1097 932 apto

66 952 99 1001 10
108 948 224 1019 quantas
233 936 304 997 libet
315 937 519 1014 occupationes
532 954 673 1016 curasque
685 936 842 1015 dIstingoit.
857 936 950 998 Lusus
960 946 1097 1006 uocantum

108 1021 161 1082 sed
177 1019 205 1079 bi
225 1019 304 1079 lusus
325 1036 382 1078 non
401 1020 538 1077 minorem
560 1021 699 1080 interdum
716 1019 837 1098 gloriam
856 1039 941 1101 quana
956 1024 1031 1082 seria
1043 1029 1126 1083 con-lt

106 1112 276 1181 sequuntur;
300 1110 384 1180 atque
405 1101 477 1162 adeo
499 1104 567 1181 (cur
581 1106 662 1164 euim
681 1115 710 1164 te
731 1103 768 1164 ud
788 1123 891 1166 versus
907 1121 967 1165 non
981 1106 1098 1167 versibus

104 1183 272 1264 adhorterl)

63 1285 94 1335 11
189 1279 219 1330 ut
236 1270 297 1331 laus
312 1281 357 1331 est
374 1288 469 1348 cerae,
487 1270 581 1331 mollis
599 1271 763 1350 cedensque
780 1280 917 1351 sequatur

230 1357 255 1417 si
272 1355 374 1415 doctos
390 1355 495 1433 digitos
506 1357 639 1434 iussaque
657 1355 704 1415 liat
718 1372 803 1433 opus,

189 1450 217 1499 et
231 1457 305 1499 none
321 1439 453 1499 informet
468 1437 586 1498 blartem
600 1447 741 1498 castamve
755 1437 922 1518 Minervam,
1107 1451 1129 1503 lt

230 1540 304 1582 nunc
318 1521 460 1582 Venerem
478 1523 594 1598 effingat
611 1539 685 1581 nunc
699 1521 821 1583 Veneris
838 1539 973 1600 puerum;

189 1615 277 1682 utque
289 1607 364 1664 sacri
379 1605 474 1665 fontes
490 1621 547 1663 non
560 1604 622 1664 sola
636 1605 765 1666 incendia
779 1606 894 1684 sistunt,

231 1705 319 1765 saepe
337 1689 420 1746 etiam
434 1688 520 1746 llores
536 1706 680 1766 vernaque
696 1697 776 1769 prata
790 1692 901 1752 iuvant:

188 1771 230 1829 sie
248 1769 390 1830 bominum
405 1772 547 1848 ingenium
563 1772 640 1831 flecti
656 1773 778 1852 ducique
796 1791 849 1852 per
865 1783 943 1836 artes

229 1871 286 1914 non
300 1855 404 1932 rigidas
421 1854 505 1915 docta
518 1855 674 1916 mobilitate
690 1855 784 1916 decet.
1108 1873 1134 1926 uo

62 1937 203 2018 ltltaque
218 1941 318 2000 summi
332 1949 472 2017 oratores,
487 1941 586 2000 summi
602 1940 686 1999 etiam
700 1941 752 1999 riri
767 1942 809 2000 sic
825 1957 858 1999 se
874 1947 922 1999 aut
933 1939 1102 2000 exercebant

61 2031 94 2084 13
102 2033 149 2084 aot
164 2022 354 2102 delectabant,
366 2026 450 2084 immo
465 2023 643 2084 delectabant
659 2024 901 2101 exercebantque.
924 2022 997 2083 Nam
1010 2025 1103 2082 mnam

103 2118 148 2168 est
163 2117 193 2167 ut
213 2108 256 2167 his
279 2108 426 2186 opusculis
448 2110 554 2169 animus
576 2107 734 2168 intendatur
755 2109 922 2167 remittatur.
954 2105 1103 2186 RecipIunt

103 2193 177 2250 enim
193 2207 321 2267 amores,
346 2190 424 2267 odia,
444 2193 517 2267 iras,
539 2191 777 2269 misericordiam,
795 2191 1000 2266 urbanitatem,
1018 2191 1104 2251 omnnia

103 2273 225 2349 denique
246 2289 318 2351 quae
337 2273 366 2330 in
381 2275 437 2332 vita
454 2284 538 2351 atque
555 2277 639 2335 etiam
653 2277 682 2333 in
699 2274 763 2334 loro
781 2275 934 2352 causisque
947 2284 1136 2338 versantur.tt

60 2353 181 2416 ltinest
201 2354 245 2415 bis
266 2371 380 2434 quoque
402 2356 501 2416 eadem
523 2376 595 2437 quae
615 2357 677 2417 aliis
693 2358 862 2418 carminibus
877 2359 1002 2437 utilitas,
1019 2357 1103 2438 quod,

102 2439 185 2497 metri
204 2440 378 2499 necessitate
399 2440 540 2519 deiuncti,
562 2440 655 2502 soluta
672 2444 799 2502 oratione
820 2440 960 2503 laetamur
979 2453 1010 2503 et
1032 2440 1105 2522 quod

61 2531 94 2587 15
103 2520 214 2584 facilius
235 2541 301 2584 esse
327 2527 492 2603 conparatio
516 2524 641 2584 ostendit
662 2525 798 2586 libentius
818 2525 979 2585 scribimus.
1012 2526 1104 2586 Habes

101 2606 182 2686 plura
196 2609 279 2668 etiarn
293 2607 416 2668 fortasse
433 2625 515 2685 quam
529 2608 712 2687 requirebas,
731 2626 815 2669 unum
829 2617 922 2670 tamen
938 2612 1036 2681 omisi;
1051 2626 1105 2669 non

102 2694 175 2752 eninr
191 2692 248 2752 dixi
264 2711 336 2770 quae
352 2691 475 2768 legenda
490 2692 655 2752 arbitrarer:
673 2710 839 2772 quamquam
854 2692 928 2772 dixi,
951 2712 1016 2754 cum
1032 2693 1136 2756 dice-bo

100 2793 161 2835 rem
175 2795 247 2854 quae
265 2775 424 2837 scribenda.
446 2774 488 2834 Tu
502 2777 662 2837 memineris
675 2779 718 2837 sui
730 2779 867 2854 cuiusque
880 2779 998 2854 generis
1010 2786 1104 2838 aucto·

100 2877 148 2918 res
164 2859 316 2936 diligenter
330 2858 450 2936 eligere.
470 2859 556 2919 Aiunt
572 2861 647 2920 enim
661 2860 776 2921 multum
787 2859 942 2938 legendum
954 2881 1034 2940 esse,
1050 2877 1103 2921 nou

61 2953 94 3007 16
101 2941 195 3000 multa.
220 2941 274 3013 Qui
291 2945 346 3003 sint
360 2943 389 3002 bi
409 2942 481 3002 adeo
495 2952 592 3004 notum
604 2943 810 3023 probatumque
826 2952 871 3004 est
884 2953 915 3004 ut
931 2945 1103 3007 demonstra·

100 3026 177 3082 tione
191 3041 247 3084 nou
262 3036 361 3101 egeat;
376 3034 405 3086 et
416 3025 522 3105 alioqui
537 3036 593 3087 tam
606 3028 755 3088 immodice
768 3026 917 3107 epistulam
932 3028 1050 3091 extendi
1063 3037 1102 3105 ut,

101 3107 166 3167 dum
183 3107 233 3168 tibi
248 3109 480 3184 quemadmodum
499 3111 615 3172 studere
630 3111 736 3174 debeas
754 3112 872 3188 suadeo,
888 3113 1022 3174 studendi
1036 3118 1136 3173 tem-tt

100 3211 153 3270 pos
169 3190 342 3252 abstulerim.
363 3192 438 3267 Quin
455 3212 526 3272 ergo
540 3195 696 3274 pugillares
710 3199 831 3257 resumis
847 3204 877 3256 et
891 3196 1001 3277 aliquid
1012 3195 1102 3259 exhis

100 3275 147 3334 vel
162 3275 238 3336 istud
252 3277 344 3354 ipsum
360 3277 436 3356 quod
451 3296 590 3358 coeperas
606 3277 729 3340 scribis?
760 3279 842 3341 Vale.
