2400 3840
100 160 162 227 154
523 158 555 219 0.
578 157 675 218 Pbllll

100 314 216 376 saeculo
235 323 279 374 est
294 311 460 390 gratulatus,
477 313 522 370 cui
533 307 694 389 exemplum
705 309 766 387 (sic
778 309 854 368 enim
867 307 1000 388 scripsit)
1013 306 1093 369 simile
1166 314 1169 361 t

58 408 92 461 10
101 399 222 476 antiquis
240 397 417 473 contigisset.
446 392 541 471 llaec,
557 402 709 470 utcumque
724 410 757 453 se
771 391 907 471 babeat,
920 394 1031 453 notiora
1045 390 1095 452 ola·

99 483 173 540 riona
195 481 298 540 malora
312 488 341 538 tu
358 477 463 539 iacies:
486 494 651 556 quamquam
665 491 723 534 non
733 477 821 552 exigo
837 485 868 536 ut
883 475 1009 536 suaedas
1021 484 1095 536 actae

99 564 141 624 rei
161 563 283 624 modum.
314 562 385 622 Nam
405 579 461 622 nec
480 561 596 622 historia
616 558 703 619 debet
720 558 821 635 egredi
838 561 990 620 temtatem
1005 567 1033 620 ct
1050 557 1094 618 bo·

99 657 181 709 nesta
196 647 279 709 iactis
294 647 399 707 veritas
414 643 528 705 sufficit.
561 641 643 702 Vale.
1100 645 1124 704 t,

491 793 701 805 -.--—-—---

316 939 353 1020 G.
383 934 496 1017 PllNl
525 932 685 1017 tlttttt
715 930 892 1014 stttbttt

215 1100 987 1217 urrouotroott
1101 1067 1127 1120 ¹⁰

448 1292 545 1348 LlBEll
568 1289 739 1346 OCTAVUS.

585 1437 607 1496 l.

376 1539 402 1590 G.
421 1537 547 1589 PLINIUS
566 1533 709 1587 supitcto
727 1533 787 1586 SUO
803 1533 830 1584 S.

1103 1494 1129 1546 lb

77 1663 92 1714 1
163 1638 222 1700 lter
239 1639 386 1700 commodo
403 1639 540 1717 explicui,
559 1646 684 1716 excepto
699 1634 776 1715 quod
788 1635 900 1715 puidam
916 1655 954 1698 ex
970 1639 1041 1700 meis
1055 1638 1098 1698 ad·

76 1739 213 1794 prorsam
227 1720 408 1781 valitudinem
422 1721 639 1782 ferventissimis
656 1719 782 1781 aestibus
807 1728 1016 1782 contraxerunt.
1046 1720 1099 1783 lin·

103 1803 213 1882 colpius
229 1803 342 1883 quidem
355 1804 464 1883 lector,
480 1804 529 1864 ille
546 1805 621 1864 seria
635 1812 747 1880 nostra,
764 1801 814 1863 ille
828 1800 966 1882 deliciae,
983 1823 1098 1886 exaspe-

99 1889 166 1969 ratis
182 1887 310 1949 faucibus
322 1888 441 1968 pulvere
453 1889 619 1966 sanguinem
631 1888 741 1948 reiecit.
764 1884 855 1959 Quam
868 1888 951 1949 triste
964 1888 1023 1950 boc
1035 1891 1096 1969 ipsi,
1104 1908 1133 1960 pp

100 1990 182 2051 quam
196 1973 331 2033 acerbum
345 1973 428 2052 milri,
453 1974 477 2034 si
490 1974 515 2034 is
531 1974 576 2033 cui
593 1973 682 2031 omnis
700 1989 738 2030 ex
752 1969 853 2030 studiis
869 1973 959 2047 gratia
973 1971 1097 2034 inhabilis

100 2056 199 2117 studiis
220 2056 319 2118 luerit!
342 2056 413 2131 Quis
434 2056 535 2118 deinde
556 2054 671 2116 libellos
691 2069 772 2114 meos
794 2055 838 2114 sic
851 2051 951 2134 leget,
973 2059 1018 2118 sic
1032 2075 1099 2118 ama·

74 2137 161 2202 abit?
178 2159 264 2219 quem
275 2159 359 2202 aures
373 2159 455 2201 meac
470 2143 512 2202 sic
526 2134 703 2220 sequentur?
725 2136 784 2197 Sed
800 2136 839 2197 dii
853 2135 973 2201 laetiora
989 2144 1099 2220 promit·

99 2233 170 2284 tunt.
202 2223 287 2284 Stetit
305 2227 437 2303 sanguis,
450 2223 558 2284 resedit
570 2221 663 2282 dolor.
694 2219 846 2281 Praeterea
860 2225 1011 2286 continens
1026 2227 1097 2305 ipse,

99 2323 152 2365 nos
167 2305 294 2381 solliciti,
306 2308 409 2367 medici
424 2305 587 2384 diligentes.
607 2304 654 2364 Ad
666 2304 723 2364 boc
735 2304 885 2365 salubritas
901 2307 987 2386 caeli,
1003 2322 1134 2374 seces-tt

31 2395 43 2413 '
100 2404 159 2464 sus,
177 2389 258 2463 quies
272 2397 377 2448 tantum
396 2389 494 2450 salutis
509 2391 640 2467 quantum
655 2390 704 2449 otii
718 2387 901 2468 pollicentur.
922 2388 1006 2452 Vale.

578 2521 615 2581 11.

371 2618 398 2673 G.
416 2618 540 2670 PLINIUS
559 2619 706 2673 cntVtslo
725 2620 785 2674 SUO
801 2620 829 2676 S.

73 2734 88 2787 1
160 2720 217 2783 Alii
230 2722 259 2780 in
272 2718 389 2799 praedia
404 2737 455 2780 sua
474 2722 709 2801 proficiscuntur,
730 2732 761 2783 ut
781 2720 991 2803 locupletiores
1005 2732 1136 2786 rerer-tt

101 2816 203 2884 tantur,
221 2821 289 2884 ego,
306 2813 336 2864 ut
351 2805 511 2884 pauperior.
539 2805 728 2869 Vendideram
738 2805 894 2868 vindemias
910 2810 1039 2869 certatim
1052 2825 1100 2868 na·

99 2891 286 2967 gotiatoribus
307 2888 479 2950 ementibus.
510 2888 648 2952 Invitabat
668 2891 807 2971 pretium,
834 2899 864 2951 et
886 2890 963 2967 quod
986 2900 1054 2953 tnnc
1073 2899 1100 2950 et

72 2972 176 3049 aqnot
194 2972 256 3032 iore
274 2972 432 3033 videbatur.
464 2972 539 3051 Spes
558 2972 671 3035 ieiellit.
705 2972 774 3034 lirat
791 2971 959 3052 expeditum
974 2974 1100 3036 omnibus

98 3056 244 3114 remittere
258 3056 430 3133 acqualiter,
454 3055 506 3116 sed
520 3074 576 3116 non
587 3060 655 3118 satis
665 3075 795 3136 aequum.
824 3055 893 3116 llibi
910 3066 1005 3118 autem
1019 3074 1100 3136 egro·

99 3140 177 3215 gium
192 3137 220 3194 in
234 3139 331 3213 primis
345 3139 473 3215 videtur,
493 3147 523 3199 ut
543 3139 614 3200 ioris
631 3143 668 3199 ita
689 3141 781 3218 domi,
802 3149 832 3200 ut
853 3142 882 3200 in
896 3143 1007 3218 magnis
1021 3143 1058 3202 ita
1073 3142 1137 3208 iuss

19 3223 22 3230 '
100 3222 213 3300 parvis,
234 3221 306 3279 utin
321 3219 420 3283 alienis
435 3224 473 3282 ita
488 3224 517 3282 in
531 3225 606 3298 suis,
629 3224 739 3300 agitare
752 3225 894 3285 iustitiam.
923 3223 996 3284 Nam
1011 3227 1036 3286 si
1054 3242 1101 3304 pa·

72 3307 139 3369 sria
154 3311 292 3382 peccata,
318 3320 403 3380 pares
420 3307 504 3367 etiam
516 3305 625 3367 landes.
657 3305 757 3385 ltaque
772 3308 902 3369 omuibus
918 3308 1050 3386 quidem,
1065 3325 1101 3367 ne

100 3389 163 3465 quis
179 3386 247 3447 milri
263 3403 320 3445 non
333 3385 451 3448 donatus
466 3389 574 3467 abiret,
592 3398 700 3469 partem
717 3399 845 3452 octauam
859 3393 946 3471 pretii
965 3408 1024 3472 quo
1039 3391 1101 3471 quis
