2400 3840
86 178 151 241 200
363 172 771 238 mmmmm

88 340 147 392 tum
167 329 420 391 wmendsoonis
438 345 623 390 secenum
641 328 727 387 etiem
747 344 786 385 cx
803 327 878 386 meis
898 326 1039 406 precibus
1053 326 1092 386 in·

62 413 253 491 odolgentise
267 424 334 474 tune
348 412 447 475 credo.
469 411 556 490 [logo
567 428 651 489 crgo,
666 410 792 487 domine,
805 420 896 470 utne
911 412 1092 488 exoptatissi-

88 498 232 558 msemibi
246 497 444 576 gratulationis
464 505 618 576 conpote·
638 494 728 555 iacies
742 493 936 571 amends,
950 503 1093 574 utspero,

88 581 251 643 adfectibus
270 585 345 644 meis
364 589 497 662 premes
521 591 553 640 ut
571 595 629 639 sos
654 580 685 639 is
702 597 749 639 mc
770 587 878 639 tntum
896 595 999 639 rerum
1018 588 1048 638 et
1067 579 1095 637 in

88 668 179 727 amico
193 665 640 745 gloriariiudiciistuisposrim.
1101 673 1116 724 5

519 798 554 858 V·
575 795 666 878 [11111

316 899 345 951 C.
363 897 489 950 PLINIUS
505 895 651 948 murto
665 892 876 946 intrusione

63 1020 80 1072 1
149 1003 281 1064 Proximo
295 1019 380 1078 anno,
397 1001 521 1076 domine,
537 1001 704 1078 gravissim
715 998 870 1059 rulitudiue
886 1017 983 1079 usquc
997 998 1034 1060 ad
1046 1017 1095 1078 pe·

88 1087 208 1148 riculum
221 1088 298 1145 ritae
313 1093 444 1160 ventus,
457 1083 620 1162 onsbpten
633 1085 792 1163 udmpsh
813 1085 897 1143 cuius
910 1082 1097 1144 sollicitudini
1105 1096 1137 1149 10

89 1181 120 1230 et
141 1169 234 1230 cubo
251 1178 318 1229 tuuc
338 1177 445 1229 tantm
468 1166 662 1246 indulgentiae
680 1168 824 1229 beneficio
844 1167 959 1228 referre
979 1169 1097 1245 grstism

64 1266 188 1332 tparem
208 1269 337 1332 possum.
365 1251 461 1326 Quare
480 1269 554 1328 rogo
573 1252 627 1313 des
646 1255 675 1313 ei
689 1254 832 1313 civitatem
844 1250 1012 1312 Romnum
1044 1249 1098 1311 Est

90 1339 165 1396 enim
179 1339 351 1417 peregrinae
367 1336 556 1412 conditionis,
571 1338 759 1398 manumissus
774 1353 791 1396 e
806 1338 973 1415 peregrios.
1005 1334 1097 1395 Voca-

89 1431 136 1482 tnr
161 1424 226 1500 ipse
251 1420 431 1500 Harpocran,
455 1430 601 1500 petronem
626 1419 723 1480 babuit
747 1419 933 1480 lbermutbin
958 1418 1095 1495 Tbeonis,

89 1523 162 1584 qnae
183 1508 237 1565 inm
258 1504 367 1583 pridem
383 1503 516 1565 defuncta
533 1511 587 1563 cst.
617 1502 690 1563 ltem
708 1521 782 1580 rogo
801 1503 855 1564 des
875 1505 923 1563 ius
944 1501 1096 1575 Qniritium
1106 1506 1136 1562 15

88 1588 199 1650 libertis
214 1589 357 1649 Antonino
369 1587 557 1662 stimillse,
574 1588 768 1647 ornatissime
781 1587 922 1663 lemine,
942 1585 1056 1648 ldediue
1069 1595 1098 1646 et

87 1673 230 1732 Antonino
244 1671 417 1740 llnrmeridi3
431 1671 510 1749 quod
523 1688 540 1731 u
553 1679 583 1730 te
597 1679 715 1750 petente
730 1679 848 1749 petrono
860 1679 942 1751 peto.

495 1803 544 1864 Vl·
566 1804 681 1884 [xxii]

309 1900 338 1952 C.
355 1902 481 1953 PLIlllUS
498 1904 643 1956 TRAIANO
658 1902 866 1954 rumulone
1106 1933 1142 1986 Ἃ)

65 2013 80 2064 1
151 2000 218 2077 Ago
232 2002 349 2078 gratias,
366 2000 495 2082 domine,
512 2004 589 2082 qnod
600 2015 631 2064 et
645 2004 689 2064 ins
704 2001 854 2076 Qniritium
868 2000 981 2064 libertis
994 2020 1098 2063 neces·

88 2086 179 2145 senne
200 2084 267 2145 mibi
288 2084 410 2147 lerninuc
432 2098 463 2147 et
478 2090 621 2149 civitatem
634 2087 788 2161 llomsnum
802 2085 992 2164 llurpocmti,
1014 2086 1097 2147 istru-

86 2167 177 2247 liptae
191 2186 274 2246 meo,
296 2171 358 2229 sine
373 2186 452 2231 more
466 2171 620 2234 indulsisti.
646 2170 706 2231 Sed
719 2189 784 2231 cum
798 2186 888 2230 mos
903 2172 969 2231 cius
983 2179 1016 2231 ct
1030 2188 1097 2231 cen·

86 2270 160 2329 snm,
176 2254 252 2313 sicut
263 2271 469 2332 praeceperas,
488 2254 615 2333 ederem,
629 2254 787 2317 admonitus
802 2273 865 2314 snm
878 2271 895 2314 e
909 2256 1098 2333 peritioribus

87 2335 225 2395 debuisse
240 2354 287 2396 me
301 2345 366 2395 ante
379 2339 407 2396 ei
420 2337 640 2399 Alexandrinum
653 2340 798 2400 civitatem
810 2340 976 2417 inpetrare,
992 2338 1096 2399 deinde
1104 2349 1139 2401 25

62 2416 261 2494 tllomanam,
279 2421 410 2496 quonium
427 2432 508 2484 esset
521 2424 693 2501 Aegyptius.
724 2421 791 2501 Ego
805 2431 919 2500 sutem,
939 2424 1007 2502 quis
1023 2424 1099 2483 inter

86 2499 252 2580 Aegyptios
279 2511 460 2582 ceterosque
476 2509 648 2585 peregrinos
667 2505 736 2566 nibil
761 2509 904 2567 interesse
931 2507 1098 2584 credebam,

87 2592 238 2646 contentus
260 2585 369 2647 iuersrn
389 2588 448 2649 boc
467 2589 561 2650 solnm
574 2590 705 2651 seribere
719 2591 781 2668 tibi,
797 2608 863 2651 eum
877 2590 997 2651 sedicet
1012 2609 1030 2651 u
1046 2608 1098 2669 pe·

84 2671 199 2746 tegrino
213 2673 412 2732 manumissum
426 2682 632 2754 pobonsmquc
648 2676 712 2735 eius
727 2676 781 2734 iem
793 2673 906 2753 pridem
916 2674 1096 2737 decessisse.

83 2750 130 2814 lle
145 2772 200 2834 qus
219 2756 378 2834 ignorantis
389 2773 454 2816 mea
469 2775 527 2818 non
542 2776 658 2837 queror,
674 2776 728 2838 per
741 2775 825 2837 quarn
838 2760 922 2820 stetit
937 2768 969 2819 ut
979 2760 1033 2820 tibi
1044 2766 1141 2839 prodo

84 2837 188 2898 eodem
208 2839 324 2900 bomine
344 2842 460 2918 saepius
480 2842 637 2920 obligaret.
669 2842 754 2920 Rogo
767 2844 882 2921 itaquo,
903 2853 937 2904 ut
952 2843 1099 2906 benelioio

83 2927 134 2978 tuo
148 2922 277 2998 legitime
294 2923 350 2982 frui
364 2927 489 3002 possim,
504 2927 612 2987 tribues
628 2928 657 2986 ei
671 2935 702 2987 et
715 2925 936 2988 Alexandrinum
952 2929 1099 2988 civitatem

85 3010 115 3096 ot
127 3001 290 3064 Romanam.
309 3005 409 3066 Annos
424 3010 487 3069 eius
503 3018 533 3070 et
547 3020 678 3088 eensnnt,
693 3029 730 3071 ne
745 3010 814 3089 qnid
828 3028 929 3072 rursus
945 3010 1098 3090 indulgen·

86 3089 153 3142 tram
170 3095 245 3147 tuam
258 3099 426 3167 moraretur,
441 3091 555 3154 libertis
571 3095 628 3156 tuis
646 3096 749 3174 quibus
766 3097 894 3158 iusseras
909 3096 985 3155 misi.

484 3227 693 3304 vnnxnn]
1106 3188 1140 3241 ³⁵

419 3323 585 3376 TRAIANUS
603 3324 708 3376 PLINIO
728 3325 756 3378 S.

144 3412 294 3478 Civitatem
307 3418 527 3484 Alexandrinam
542 3424 698 3486 secundnm
713 3428 919 3490 institutionem
933 3431 1098 3509 principum
