2400 3840
86 205 151 270 ets
376 160 388 183 ⁶
508 200 540 263 c.
563 198 660 262 rums

87 369 119 420 et
134 357 214 418 invor
227 365 294 417 tunc
310 356 420 433 statim,
437 373 501 414 curn
517 354 552 414 ad
566 354 723 414 exercitum
737 350 975 431 proficiscereris,
992 359 1022 411 et
1033 350 1092 428 qui·

88 442 153 502 dem
167 441 300 502 inusitato
315 440 432 500 ecdicio
448 440 565 499 enotuit.
600 435 671 498 Nam
686 445 802 496 ceteros
816 436 962 514 principes
977 443 1025 494 aut
1040 433 1092 493 lar-

88 543 143 603 gus
159 542 244 585 cruor
263 523 417 585 bostiarum
436 531 484 582 aut
506 523 621 583 sinister
640 519 753 581 uolatus
769 520 862 579 avium
877 517 1092 579 consulentibus

88 609 241 686 nuntiavit,
262 609 313 668 tibi
336 605 501 668 ascendenti
516 604 552 664 de
572 622 651 665 more
672 602 842 682 Capitolium
858 619 1024 681 quamquam
1039 618 1094 659 non

89 693 118 754 id
132 695 274 772 agentium
293 694 395 751 ciuium
411 690 532 766 clamor,
558 698 588 749 ut
602 691 656 748 iarn
671 688 809 767 principi,
836 687 976 754 occurrit;
1005 685 1114 762 siqui-5

90 777 155 838 dem
171 779 262 837 omnis
275 776 355 836 turba
371 792 444 854 quae
459 773 544 834 limen
564 771 707 832 insederat
727 771 762 831 ad
781 773 944 848 ingressum
960 778 1039 827 tuum
1051 768 1093 827 lo-

90 863 167 922 nibus
178 859 299 921 reclusis
309 859 357 919 illa
369 857 492 937 quidem,
508 866 538 916 ut
552 865 620 916 tunc
632 856 827 932 arbitrabatur,
844 855 939 929 deum,
956 863 1091 929 ceterum,

91 955 121 1005 ut
137 945 234 1005 docuit
248 952 385 1019 eventus,
407 949 437 1001 te
453 940 639 1000 consalutauit
653 941 862 1017 imperatorem.
902 935 967 997 Neo
982 936 1093 997 alitera

91 1030 202 1090 cunctis
224 1044 307 1086 omen
328 1033 479 1104 acceptum
500 1033 554 1085 est.
588 1022 658 1083 Nam
679 1026 743 1102 ipse
764 1022 937 1099 intellegere
959 1021 1091 1081 nolebas:

69 1109 243 1170 *recusabas
258 1110 333 1168 enim
347 1109 501 1186 imperare;
522 1107 691 1183 recusabas,
714 1107 791 1185 quod
806 1107 881 1167 bene
896 1115 958 1166 crat
973 1106 1091 1183 impera·
1102 1109 1132 1160 10

90 1195 156 1253 turi.
187 1190 277 1270 Igitur
290 1191 437 1268 cogendus
451 1191 537 1251 fuisti.
574 1189 647 1267 Cogi
667 1207 755 1268 porro
771 1207 829 1250 non
843 1198 960 1268 poteras
975 1191 1030 1249 nisi
1045 1205 1092 1267 pe-

89 1275 181 1336 riculo
195 1277 303 1354 patriae
318 1284 348 1335 et
364 1277 508 1336 nutatione
528 1276 570 1334 rei
586 1272 728 1354 publicae.
762 1273 940 1334 Obstinatum
956 1275 1031 1333 enim
1045 1270 1092 1331 tibi

89 1378 147 1421 non
168 1362 317 1439 suscipere
334 1361 500 1439 imperium,
522 1360 576 1418 nisi
592 1357 762 1420 servandum
779 1357 891 1418 luisset.
929 1356 1024 1430 Quare
1038 1356 1093 1433 ego

91 1445 169 1506 illum
184 1446 278 1524 ipsum
285 1444 410 1503 furorem
424 1452 588 1522 motumque
599 1451 776 1502 castrensem
789 1459 854 1502 reor
866 1443 1015 1518 extitisse,
1032 1441 1094 1518 quin

88 1546 190 1606 magna
209 1530 238 1587 vi
259 1544 419 1606 magnoque
437 1536 547 1587 terrore
562 1526 701 1586 modestia
717 1535 764 1586 tua
785 1525 926 1586 vincenda
946 1534 1016 1586 erat.
1051 1524 1094 1583 dc
1105 1531 1134 1584 15

92 1616 167 1672 sicut
181 1613 263 1670 maris
279 1609 409 1689 caelique
430 1612 599 1688 temperiem
613 1610 740 1671 turbines
757 1617 1003 1689 tempestatesque
1020 1624 1094 1667 corn·

92 1694 241 1771 mendant,
261 1695 300 1753 ita
319 1694 354 1753 ad
375 1694 531 1771 augendam
546 1695 626 1772 pacis
642 1703 706 1754 tuae
722 1695 840 1772 gratiam
853 1692 934 1752 illum
950 1690 1095 1752 tumultum

91 1777 290 1855 praecessisse
306 1776 483 1837 crediderim.
519 1776 610 1838 llabet
626 1778 676 1839 has
690 1780 772 1839 vices
794 1776 919 1837 conditio
938 1775 1095 1836 mortalium

92 1869 123 1920 ut
136 1858 256 1919 adversa
270 1876 308 1918 ex
318 1860 464 1938 secundis,
481 1880 517 1921 ex
531 1861 658 1921 aduersis
670 1861 796 1922 secunda
806 1869 965 1921 nascantur.
991 1856 1095 1918 Occul-

93 1953 132 2004 tat
151 1952 334 2022 utrorumque
357 1946 466 2005 semina
490 1945 578 2022 deus,
604 1954 633 2005 et
655 1944 824 2024 plerumque
848 1944 987 2004 bonorum
1008 1941 1135 2006 nato-uo

60 2038 209 2106 anumque
231 2046 334 2088 causae
352 2028 405 2089 snb
424 2028 537 2090 diversa
556 2031 658 2106 specie
682 2028 778 2088 latent.
822 2026 954 2105 Magnum
981 2026 1094 2104 quidem

93 2111 163 2171 illud
184 2111 312 2173 saeculo·
324 2111 467 2190 dedecus,
491 2129 623 2189 maguum
643 2113 684 2171 rei
706 2111 839 2190 publicae
859 2111 961 2171 vulnus
984 2114 1094 2189 inpres-

92 2214 154 2256 sum
174 2204 233 2256 est:
258 2197 461 2273 imperator=et
481 2213 584 2275 parens
610 2197 726 2273 generis
748 2195 859 2255 humani
885 2195 1025 2256 obsessus
1050 2211 1094 2253 ca-

91 2289 157 2357 ptus
175 2276 318 2355 inclusus,
333 2278 425 2339 ablata
439 2281 586 2340 mitissimo
598 2280 660 2338 seni
673 2278 874 2339 servandorum
888 2279 1032 2339 bominum
1044 2295 1094 2356 po·

92 2371 197 2439 testas,
227 2371 413 2440 ereptumque
436 2363 555 2442 principi
576 2361 646 2421 illud
663 2363 693 2420 in
714 2363 874 2442 principatu
890 2363 1133 2438 beatissimumns

92 2444 168 2521 quod
183 2442 253 2502 nibil
269 2447 390 2522 cogitur.
426 2446 456 2506 Si
471 2457 564 2507 tamen
579 2444 651 2506 baec
666 2445 727 2506 sola
743 2456 803 2506 erat
819 2448 889 2508 ratio
905 2464 979 2525 quae
996 2455 1026 2505 te
1045 2463 1094 2524 pu·

92 2524 184 2585 blioae
200 2524 297 2586 salutis
315 2527 712 2607 gubemaculisadmoveret,
730 2547 822 2609 prope
837 2539 923 2590 estut
938 2529 1095 2589 exclamem

92 2610 160 2669 tanti
173 2609 272 2668 fuisse.
297 2607 437 2690 Corrupta
452 2622 497 2674 est
513 2613 661 2690 disciplina
673 2624 846 2691 castrorum,
863 2622 893 2673 ut
905 2623 934 2672 tu
947 2623 1096 2675 corrector

92 2693 312 2772 emendatorque
328 2697 526 2774 contingeres;
542 2697 685 2757 inductum
700 2701 855 2777 pessimum
869 2696 1048 2775 exemplum,
1065 2706 1094 2754 ut

92 2780 227 2856 optimum
241 2788 448 2857 opponeretur;
474 2789 621 2859 postremo
639 2792 757 2843 coactus
773 2783 909 2862 princeps
924 2799 998 2859 quos
1013 2780 1134 2840 nole-30

91 2861 138 2921 bat
154 2860 305 2937 occidere,
332 2871 362 2921 ut
377 2861 457 2922 daret
479 2865 637 2942 principem
653 2865 700 2944 qui
717 2868 784 2943 cogi
799 2883 856 2925 non
869 2873 979 2943 posset.
1020 2862 1094 2922 Olim

91 2953 119 3002 tu
139 2944 252 3022 quidem
274 2943 401 3022 adoptari
421 2945 584 3016 merebare;
610 2948 664 3008 sed
683 2951 876 3010 nescissemus
893 2957 1027 3027 quantum
1041 2947 1091 3007 tibi

91 3024 210 3086 deberet
229 3027 393 3103 imperinm,
421 3030 445 3087 si
466 3038 531 3090 ante
544 3029 694 3110 adoptatus
712 3051 805 3094 esses.
841 3030 1034 3110 Expectatum
1048 3039 1092 3090 est

91 3110 202 3185 tempus
218 3125 273 3186 quo
288 3108 410 3187 liqueret
423 3128 480 3170 non
494 3122 551 3173 tant
562 3116 712 3193 accepisse
724 3124 753 3176 te
765 3116 935 3176 beneficium
947 3131 1030 3193 quam
1044 3113 1092 3173 de·

90 3189 190 3290 disse..
200 3188 334 3268 Confugit
346 3195 373 3251 in
385 3193 477 3253 sinum
491 3204 568 3256 tuum
580 3214 720 3259 concussa
733 3217 782 3261 res
798 3199 929 3278 publica,
945 3215 1090 3276 ruensque
1099 3204 1132 3256 35

88 3291 237 3354 tmpermm
251 3292 339 3352 super
349 3276 548 3354 imperatorem
562 3281 739 3357 imperatoris
754 3284 804 3344 tibi
816 3301 890 3343 uoce
902 3281 1023 3342 delatum
1036 3289 1089 3341 est.

87 3355 248 3437 lnploratus
263 3357 415 3434 adoptione
431 3370 462 3419 et
473 3365 581 3423 accitus
595 3380 644 3439 es,
668 3374 698 3426 ut
713 3365 780 3426 olim
796 3366 885 3428 duces
899 3366 992 3443 magni
1007 3382 1023 3423 a
1038 3381 1089 3442 pe·

83 3445 209 3520 regrinis
225 3441 408 3518 externisque
423 3440 508 3504 bellis
524 3446 557 3507 ad
573 3462 658 3525 opem
674 3451 782 3526 patriae
802 3449 946 3512 ferendam
960 3449 1088 3509 revocari
