2400 3840
355 205 623 270 PANEGYRIGUS
640 217 685 272 91.
697 218 740 273 99.
753 217 798 274 93.
809 218 855 275 94.
1047 209 1109 276 297

98 371 147 422 tuo
164 360 269 420 iudicio
286 358 422 421 consules
436 360 526 437 iacti,
551 370 599 422 tua
609 377 684 421 voce
700 362 851 423 renuntiati
863 379 973 441 snmus,
989 372 1020 425 ut
1033 363 1110 425 idem

98 445 257 505 honoribus
280 445 387 505 nostris
410 443 582 522 suffragator
605 444 748 523 incuria,
776 445 804 503 in
828 462 928 524 campo
949 446 1110 513 declarator

99 530 253 589 existeres.
272 525 343 587 Nam
356 526 434 605 quod
448 529 475 588 ei
487 546 544 588 noe
559 528 738 605 potissimum
750 529 843 590 mensi
858 530 1011 591 attribuisti
1024 549 1109 611 quem

98 622 163 674 tuns
179 611 280 672 natalis
297 621 428 689 exornat,
440 629 524 689 quam
533 610 685 690 pulchrum
694 611 793 673 nobis!
808 614 912 691 quibus
925 614 1033 692 edicto,
1048 618 1109 694 qui·

72 697 152 760 5bus
172 694 342 774 spectaculo
364 695 516 756 celebrare
537 696 685 773 continget
700 695 774 755 diem
789 694 869 755 illum
885 697 991 776 triplici
1005 699 1109 776 gaudio

98 779 214 857 laetum,
230 780 278 858 qui
294 780 455 858 principem
469 779 587 840 abstulit
601 780 776 858 pessimum,
793 778 871 840 dedit
887 781 1034 859 optimum,
1049 801 1108 843 mc·

98 864 199 925 liorem
216 864 323 942 optimo
341 862 453 941 genuit.
470 860 531 923 Nos
546 863 600 923 sub
614 862 707 924 oculis
720 863 775 924 tuis
787 865 937 944 angustior
947 863 1035 927 solito
1048 884 1111 926 cur·

96 967 145 1009 rus
167 947 308 1025 accipiet,
333 963 388 1009 nos
402 946 480 1006 inter
493 946 619 1008 secunda
640 949 734 1007 omina
751 955 781 1007 et
800 957 867 1009 rota
886 951 1022 1010 certantia
1036 968 1110 1028 qnae

96 1032 243 1111 praesenti
264 1032 316 1091 tibi
337 1029 524 1091 conferentur
541 1030 681 1092 rebamur
698 1029 810 1093 alacres
831 1042 861 1094 et
880 1033 981 1094 incerti
997 1051 1034 1094 ex
1049 1043 1111 1094 utra

56 1128 89 1180 10
98 1124 178 1193 parte
199 1115 289 1175 maior
309 1114 425 1175 auribus
443 1115 549 1176 nostris
570 1115 680 1176 accidet
696 1112 811 1175 clamor.
846 1116 942 1195 Super
959 1119 1051 1178 omnia
1068 1117 1163 1181 aaa

96 1216 162 1257 men
177 1197 397 1275 praedicandum
408 1197 523 1259 ridetur
537 1198 614 1277 quod
628 1200 735 1278 pateris
751 1197 888 1263 consules
899 1219 968 1263 esse
983 1219 1056 1279 quos
1067 1201 1110 1262 le·

97 1281 177 1341 cisti:
195 1281 305 1359 quippe
319 1279 428 1341 nullum
438 1282 616 1359 pericnlum,
632 1279 727 1341 nullus
745 1300 783 1342 ex
797 1284 927 1363 principe
938 1293 1031 1345 metus
1042 1303 1110 1344 con·

97 1364 209 1424 solares
224 1364 332 1424 animos
348 1361 476 1425 debilitet
493 1371 524 1423 et
537 1365 660 1442 frangit,
674 1362 743 1423 nibil
757 1366 853 1426 inritis
867 1365 1052 1445 audiendum,
1067 1368 1109 1426 ni·

96 1449 136 1510 hil
154 1449 263 1509 coactis
281 1447 494 1508 decernendum
508 1450 573 1511 erit.
597 1446 694 1508 llanet
706 1447 889 1527 manebitque
904 1449 1006 1510 honori
1020 1468 1109 1510 vene·

56 1535 171 1598 15ratio
192 1549 261 1608 sua,
290 1549 345 1592 nec
364 1532 551 1594 securitatem
567 1533 735 1594 anctoritate
749 1532 914 1610 perdemus.
943 1532 988 1592 Ac
1001 1534 1027 1593 si
1042 1533 1110 1612 quid

97 1617 173 1677 forte
189 1635 227 1677 ex
243 1613 409 1677 consulatus
424 1614 542 1693 fastigio
558 1616 646 1677 luerit
660 1614 842 1694 diminutum,
857 1625 954 1678 nostra
967 1616 1041 1678 haec
1055 1619 1110 1678 erit

98 1701 200 1780 culpa,
220 1716 278 1760 non
293 1699 413 1761 saeculi.
440 1699 522 1761 Licet
535 1701 628 1778 euim,
648 1708 783 1778 quantum
796 1699 831 1760 ad
846 1703 1021 1780 principem,
1039 1698 1110 1762 licet

98 1784 170 1845 tales
188 1784 325 1845 consules
340 1801 429 1863 agere
444 1781 545 1864 quales
559 1793 625 1846 ante
641 1785 787 1863 principes
803 1795 892 1846 crant.
913 1784 1042 1847 Ullamne
1058 1784 1109 1846 tibi

97 1885 150 1947 pro
173 1868 321 1929 beneficiis
345 1867 457 1930 reterre
478 1870 598 1944 gratiam
618 1885 717 1945 parem
737 1865 913 1945 possumus?
934 1869 988 1930 nisi
1003 1877 1109 1931 tautum

54 1952 174 2016 bolliam
188 1962 219 2011 nt
234 1970 351 2032 semper
371 1968 425 2014 uos
440 1953 651 2015 meminerimus
667 1951 804 2012 consules
820 1951 911 2012 luisse
926 1961 955 2012 et
971 1951 1109 2014 consules

98 2046 180 2112 tuos,
205 2053 240 2096 ea
263 2039 437 2112 sentiamus,
466 2053 500 2095 ee
523 2053 691 2100 censeamus
715 2052 789 2114 qnae
810 2034 1009 2095 consularibus
1024 2035 1109 2113 digna

98 2127 181 2196 suut,
202 2121 242 2179 ita
256 2137 406 2182 versemur
421 2121 450 2181 in
463 2137 496 2180 re
512 2121 628 2202 publica
641 2130 672 2182 ut
687 2119 837 2180 credamus
854 2137 921 2181 esse
937 2136 998 2179 rem
1015 2118 1109 2197 publi·

99 2221 179 2281 cm,
200 2222 258 2263 non
275 2204 426 2265 consilium
441 2210 588 2282 nostrum,
611 2220 668 2264 non
685 2219 801 2282 operam
816 2201 1031 2280 subtrahamus,
1053 2221 1109 2264 nec

98 2288 247 2349 deiunctos
268 2306 322 2349 nos
343 2298 373 2350 et
387 2289 468 2368 quasi
489 2286 622 2350 dimissos
644 2284 813 2363 consulatu,
834 2286 887 2348 sed
909 2288 989 2365 qnasi
1009 2285 1110 2348 adstri-

54 2384 88 2436 25
99 2381 162 2432 ctos
178 2382 208 2434 ct
219 2372 367 2434 devinctos
380 2383 534 2453 putemus,
550 2372 729 2450 eundemque
743 2370 840 2430 locum
854 2369 960 2431 laboris
978 2380 1006 2431 et
1024 2388 1109 2430 curae

99 2473 183 2533 quem
195 2459 375 2518 reverentiae
391 2456 594 2536 dignitatisque
610 2465 768 2516 teneamus.
1104 2506 1107 2512 .

161 2537 193 2598 lu
216 2542 271 2602 line
292 2541 427 2603 orationis
448 2542 597 2620 praesides
614 2539 810 2617 custodesque
828 2538 940 2616 imperii
957 2537 1029 2599 deos
1050 2556 1106 2616 ego
1118 2536 1161 2600 94

98 2621 199 2682 consul
214 2641 267 2703 pro
281 2626 368 2687 rebus
385 2625 532 2702 humanis,
554 2645 588 2687 ac
603 2633 633 2685 te
648 2626 822 2703 praecipue,
836 2620 997 2701 Capitoline
1013 2620 1110 2699 luppi-

98 2714 159 2782 ter,
174 2723 280 2784 precor
294 2718 326 2768 ut
340 2708 489 2771 beneficiis
505 2712 561 2770 tois
577 2709 675 2770 faveas
690 2709 832 2784 tantisque
844 2705 1009 2765 muneribus
1023 2704 1110 2764 addas

57 2792 330 2868 30perpetuitatem.
351 2791 464 2852 Audisti
478 2811 552 2871 quae
567 2790 641 2850 malo
655 2791 779 2869 principi
791 2789 989 2866 precabamur,
1007 2787 1110 2847 exaudi

99 2891 173 2952 quae
187 2890 241 2951 pro
254 2873 443 2936 dissimillimo
456 2885 598 2954 optamus.
618 2872 682 2933 Non
695 2882 725 2932 te
739 2873 932 2948 distringimus
943 2871 1030 2930 votis.
1045 2868 1110 2930 Nou

100 2959 174 3015 enim
189 2975 307 3036 pacem,
323 2974 380 3017 non
396 2958 591 3036 concordiam,
608 2973 665 3017 non
676 2957 872 3032 securitatem,
888 2973 944 3015 non
960 2971 1032 3033 opes
1048 2971 1110 3016 ora·

98 3057 178 3118 mos,
193 3059 250 3101 non
260 3041 403 3103 bonores:
417 3041 543 3122 simplex
554 3049 713 3119 cunctaque
728 3041 783 3100 ista
798 3038 972 3117 conplexum
987 3040 1110 3099 omnium

99 3133 197 3184 votum
210 3135 272 3203 est,
292 3125 368 3187 salus
382 3126 533 3207 principi-s.
552 3123 615 3185 Nec
630 3141 701 3184 vero
713 3140 787 3183 nora
802 3123 853 3182 tibi
864 3124 1044 3200 iniungimus.
1067 3121 1111 3182 'l'u

57 3218 91 3272 35
102 3209 176 3269 cuim
195 3212 249 3269 iam
265 3218 331 3269 tuuc
345 3208 467 3270 illumin
487 3208 603 3270 tutelam
618 3208 774 3286 recepisti,
801 3223 865 3266 cum
879 3206 1032 3284 praedonis
1053 3207 1111 3264 ari·

102 3294 209 3355 dissimi
224 3293 355 3354 faucibus
373 3294 511 3371 eripuisti.
542 3291 645 3370 Neque
666 3293 741 3351 enim
756 3291 817 3351 sine
832 3289 938 3350 auxilio
953 3299 1020 3367 tuo,
1048 3306 1111 3349 cum

102 3376 238 3439 altissima
253 3394 385 3456 quaeque
401 3385 600 3455 quaterentur,
615 3375 663 3435 lric
674 3376 723 3452 qui
737 3374 866 3434 omnibus
878 3370 1024 3434 excelsior
1038 3381 1110 3448 erat,

102 3462 293 3523 inconcussus
309 3463 399 3523 stetit.
418 3460 593 3522 Praeteritus
609 3468 655 3520 cst
665 3457 971 3539 apessimopr'me‘xqe
979 3456 1129 3525 ψω-
