2400 3840
106 189 168 255 282
536 187 570 250 G.
588 185 685 249 nutui

107 345 248 406 timentur.
274 339 360 401 Tuam
376 341 558 402 securitatem
573 357 629 400 uon
643 356 720 399 mora
733 339 907 415 nuntiorum,
933 355 991 398 uon
1005 338 1112 399 littera·

108 445 168 488 rum
184 425 298 486 tarditas
311 425 413 485 dillert.
435 425 499 485 Scis
515 424 566 485 tibi
580 424 686 503 ubique
701 424 800 499 iurari,
817 440 880 482 cum
895 424 960 500 ipse
974 424 1112 484 iuraveris

108 507 247 572 omnibus.
280 507 371 569 Nemo
391 509 446 568 lroc
461 509 515 569 sibi
530 525 585 568 uon
601 514 732 585 praestat.
763 506 896 566 Amemus
911 505 1027 584 quidem
1041 516 1071 567 ts
1086 508 1113 566 in

108 603 240 674 quantum
254 595 387 661 mereris;
404 592 479 653 istud
488 601 579 652 tamen
590 609 646 650 uou
656 592 696 650 tui
708 589 825 650 iacimus
838 606 935 649 amore
946 589 1000 650 sed
1010 593 1112 666 nostri,

107 696 162 738 uec
181 695 311 756 umquam
330 676 489 737 iulucescat
513 676 575 736 dies
596 691 652 754 quo
675 690 727 751 pro
749 683 778 734 te
801 681 946 750 nuncupet
967 684 1035 735 vota
1056 687 1136 735 nono

107 761 213 823 utilitas
228 770 324 822 nostra
334 759 386 820 sed
396 760 478 837 tides,
492 758 605 821 Caesar.
624 756 725 836 Turpis
737 756 825 817 tutela
837 756 974 836 principis
988 760 1034 817 cui
1050 767 1112 836 pot·

108 855 154 908 est
171 846 300 924 inputari.
330 843 419 918 Queri
438 843 509 904 libet
524 843 600 923 quod
619 843 647 901 iu
662 850 774 901 secreta
788 849 883 900 nostru
899 857 957 899 nou
971 842 1112 920 inquirant

107 931 253 1008 principes
267 930 321 991 uisi
336 944 409 1006 quos
424 926 543 987 odimus.
565 925 635 986 Nam
646 926 670 985 si
682 924 780 985 eadem
792 941 858 984 cura
870 925 953 983 bonis
969 942 1042 1002 quae
1057 942 1112 983 ma·

107 1012 143 1073 lis
158 1021 248 1089 esset,
265 1029 347 1090 quam
363 1011 468 1088 ubique
483 1010 692 1070 admirationem
708 1010 758 1085 tui,
774 1007 849 1086 quod
864 1007 997 1084 gaudium
1005 1007 1112 1068 exulta·

106 1098 270 1173 tionemque
288 1093 534 1172 deprehenderes!
550 1110 622 1172 quos
638 1094 758 1153 omnium
771 1108 833 1151 cum
846 1091 1017 1167 coniugibus
1030 1109 1064 1151 ac
1078 1090 1111 1150 li·
1121 1102 1151 1153 ltt

110 1177 200 1253 beris,
210 1192 282 1254 quos
290 1177 373 1236 etiam
382 1194 444 1235 cum
453 1176 618 1239 domesticis
629 1179 684 1237 aris
695 1175 825 1253 locisque
834 1174 997 1235 sermones!
1013 1174 1112 1235 Scires

108 1259 282 1320 mollissimis
298 1262 359 1321 istis
374 1261 487 1321 auribus
499 1263 586 1340 parci.
609 1260 647 1320 Et
657 1259 762 1337 alioqui
774 1276 836 1317 cum
847 1260 903 1317 siut
916 1257 1011 1318 odium
1023 1275 1113 1318 amor-

108 1362 164 1424 que
180 1345 335 1421 coutraria,
351 1342 408 1405 boc
419 1362 555 1423 perquam
567 1343 659 1405 simile
670 1344 774 1403 babent
784 1341 860 1421 quod
871 1342 910 1401 ibi
921 1342 1113 1420 intemperan-

55 1427 98 1490 69
109 1431 164 1488 tius
179 1445 302 1488 amamus
317 1429 408 1489 bonos
424 1430 586 1508 principes,
606 1429 654 1488 ubi
671 1426 787 1487 liberius
801 1424 889 1486 malos
905 1424 1027 1485 odimus.
1057 1423 1112 1486 Ge·

108 1513 175 1590 pisti
196 1520 290 1571 tameu
308 1521 338 1572 et
352 1511 482 1573 adfectus
496 1515 586 1573 nostri
601 1521 630 1572 et
647 1510 743 1570 iudicii
759 1511 1000 1588 experimentum,
1024 1520 1151 1587 quau-15

108 1605 166 1654 tum
182 1597 331 1654 maximum
343 1612 480 1673 praesens
498 1612 603 1673 capere
620 1595 754 1675 potuisti,
770 1592 821 1652 illo
835 1592 881 1652 die
898 1609 954 1671 quo
971 1592 1112 1654 sollicitu-

109 1677 165 1736 dini
187 1678 346 1756 pudorique
361 1679 571 1739 candidatomm
585 1681 623 1739 ita
641 1677 808 1739 consuluisti
823 1695 859 1737 ne
875 1675 960 1736 ullius
976 1676 1112 1754 gaudium

108 1758 224 1820 alterius
239 1761 350 1820 tristitia
364 1763 497 1822 turbaret.
519 1761 576 1821 Alii
592 1780 655 1822 cum
667 1761 783 1838 laetitia,
799 1758 846 1820 alii
862 1776 925 1819 cum
941 1777 995 1836 spe
1010 1777 1112 1820 reces-

108 1850 221 1901 serunt:
238 1841 332 1904 multis
348 1843 558 1923 gratulandum,
574 1863 658 1906 nemo
673 1843 861 1905 consolandus
876 1843 936 1901 luit.
964 1840 1029 1902 Nec
1045 1843 1114 1903 idco

108 1925 224 2002 segnius
240 1927 359 1987 iuvenes
371 1937 485 1989 nostros
500 1928 663 1989 exhortatus
674 1948 707 1989 es
718 1937 846 1988 senatum
857 1927 1048 2003 circumirent,
1065 1944 1112 1986 se·
1122 1937 1155 1989 aa

107 2009 183 2068 nutui
197 2008 408 2089 supplicarent,
430 2022 516 2091 atque
531 2015 569 2072 ita
584 2031 599 2072 a
615 2014 744 2090 principe
759 2019 906 2088 sperarent
921 2009 1066 2088 bonores,
1088 2013 1112 2071 si

108 2108 123 2148 a
139 2101 238 2151 senatu
253 2095 405 2169 petissent.
425 2095 490 2170 Qun
503 2096 617 2175 quidem
631 2099 659 2156 in
670 2095 754 2171 loco,
771 2096 796 2155 si
812 2094 913 2172 quibus
925 2109 999 2170 opus
1015 2112 1113 2154 exem·

108 2172 175 2250 plo,
192 2175 322 2236 adiecisti
338 2188 367 2238 ut
382 2189 410 2240 te
425 2180 605 2241 imitarentur.
634 2179 777 2255 Arduum,
801 2176 925 2254 Caesar,
949 2177 1114 2255 exemplum

108 2264 137 2314 st
160 2257 235 2334 quod
259 2259 358 2320 imitari
378 2279 433 2322 non
447 2265 535 2340 magis
550 2261 918 2343 quisquam-candidatorum
936 2278 1019 2339 quam
1037 2263 1113 2341 prin·

108 2339 202 2415 cipum
215 2343 317 2418 possit.
339 2342 409 2416 Quis
423 2346 497 2404 euim
507 2345 555 2405 vel
570 2364 626 2406 uuo
641 2346 687 2407 die
698 2347 875 2406 reverentior
888 2353 1005 2405 senatus
1019 2345 1113 2405 candi·
1122 2355 1154 2408 25

107 2417 188 2479 datus
203 2440 285 2497 quam
300 2432 348 2501 tu,
365 2444 428 2485 cum
443 2430 516 2486 omni
531 2432 588 2488 vita
605 2439 662 2489 tum
677 2428 727 2488 illo
742 2432 807 2508 ipso
822 2438 952 2506 tempore
967 2445 1025 2506 quo
1041 2428 1113 2488 iudi·

107 2516 155 2595 eas
171 2500 206 2558 de
223 2503 398 2566 candidatis?
417 2508 462 2567 An
477 2509 549 2569 aliud
567 2521 625 2571 ate
641 2531 722 2590 quam
737 2523 852 2573 senatus
863 2514 1025 2572 reverentia
1039 2514 1114 2572 obti-

104 2589 163 2639 nuit
184 2591 214 2642 ut
234 2585 383 2646 iuvenibus
401 2587 572 2652 clarissimae
586 2597 681 2670 gentis
697 2595 823 2657 debitum
839 2595 939 2673 generi
960 2594 1112 2672 honorem,

105 2662 158 2722 sad
168 2674 233 2725 aute
249 2685 331 2744 quam
345 2669 514 2751 deberetur,
531 2675 672 2737 offerres?
692 2677 816 2740 Tandem
828 2696 899 2755 ergo
910 2678 1050 2740 nobilitas
1057 2697 1114 2739 nou

106 2746 291 2842 obscuratur,
307 2752 359 2813 sed
376 2753 539 2817 inlustratur
553 2777 569 2818 a
583 2762 729 2840 principe:
745 2763 858 2823 tandem
872 2762 937 2822 illos
955 2763 1155 2840 ingentium30

104 2844 226 2890 viromm
237 2845 378 2915 nepotes,
394 2838 460 2898 illos
472 2851 606 2919 posteros
618 2843 756 2908 libertatis
769 2865 825 2906 uec
837 2854 926 2906 terret
938 2843 1046 2906 Cacsar
1057 2864 1113 2907 uec

105 2922 206 3009 pavet,
231 2919 298 3012 quin
321 2921 405 2979 immo
425 2921 565 2985 festinatis
584 2926 739 2990 honoribus
756 2929 908 3009 ampliiicat
922 2939 1009 3007 utque
1025 2939 1113 3007 auget

105 2997 303 3091 ettmaror'rbns
325 3004 384 3062 suis
405 3005 506 3065 reddit.
539 3008 569 3066 si
587 3009 654 3087 quid
668 3029 786 3089 usquam
801 3014 898 3089 stirpis
913 3016 1065 3091 autiquae,
1089 3015 1112 3073 si

104 3069 170 3164 (llbd
185 3077 315 3171 resqduae
332 3085 485 3164 claritatis,
509 3088 565 3148 hoc
579 3091 758 3168 amplexatur
771 3104 800 3155 et
816 3095 929 3156 refovet
947 3105 976 3155 ct
991 3097 1019 3155 in
1031 3115 1114 3158 usum

102 3164 145 3207 ‘⁰¹
159 3152 292 3227 Publtcae
307 3170 421 3240 promits
449 3170 520 3229 Sunt
535 3173 563 3230 in
577 3172 687 3235 bonore
701 3176 844 3238 bominum
859 3188 888 3239 ot
902 3181 929 3238 iu
945 3179 1056 3239 honore
1072 3180 1112 3240 fa·
1121 3189 1155 3242 35

102 3245 163 3326 mae
179 3251 278 3313 magna
292 3251 403 3310 nomina
421 3269 458 3311 ex
473 3254 600 3314 tenebris
617 3255 768 3319 oblivionis
778 3261 953 3339 indulgentia
965 3260 1099 3323 Caesaris

52 3304 93 3366 70
105 3326 184 3409 ⁰l¹¹¹f
197 3315 254 3379 hoc
269 3334 313 3384 est
326 3337 357 3387 ut
368 3333 480 3394 nobiles
494 3344 523 3395 et
536 3346 689 3400 conservet
698 3352 727 3402 et
738 3343 851 3405 efficiat.
868 3345 1033 3407 Praeiuerat
1046 3310 1112 3424 pro,

101 3403 211 3456 mucias
224 3416 358 3478 quaestor
371 3430 494 3482 unusex
509 3418 673 3502 candidatis,
689 3426 774 3505 inque
785 3447 819 3488 sa
835 3430 956 3490 civitatis
970 3430 1101 3508 ampliss,

68 3482 135 3584 ἱ
