2400 3848
362 182 624 245 EPISTULARUM
638 183 687 242 Vl.
709 193 736 248 7.
746 193 773 248 8.
788 193 814 248 9.
1033 184 1094 248 113

91 339 243 397 intuentur.
273 333 344 396 Nam
360 345 389 395 et
404 335 454 395 ille
469 338 618 398 amicitiam
632 354 722 396 meam
738 335 871 396 latissima
883 336 1093 415 praedicatione

94 419 255 480 circumfert
270 428 300 479 et
321 436 377 495 ego
394 437 463 498 prae
482 437 528 481 me
544 421 608 480 foro
623 428 743 500 quantae
758 420 795 481 sit
812 418 878 478 milri
898 438 982 480 curae
997 419 1093 480 mode·

93 506 147 566 stia
168 505 249 584 quies
272 504 410 564 securitas
428 505 498 564 eius.
534 503 608 576 Quin
629 506 712 563 etiam
730 521 793 564 eum
808 502 985 564 insolentiam
1001 506 1121 568 cuius-3

93 588 155 647 dam
170 588 338 648 tribunatum
353 585 447 666 plebis
468 589 560 648 inituri
576 595 726 646 vereretur
741 586 828 665 idque
848 587 1002 649 indicasset
1015 589 1092 666 mibi,

66 670 229 750 drespoudi
250 661 342 744 οὔτις
364 666 444 749 ἐμεῦ
466 669 594 744 ζῶντος.
629 670 757 743 Quorsus
777 666 870 730 haee?
896 680 926 730 ut
945 673 1019 732 scias
1037 689 1093 732 non

92 772 181 832 posse
204 752 318 814 Atilium
345 772 391 814 me
416 753 550 816 incolumi
572 755 699 815 iniuriam
713 755 857 831 accipere.
892 752 995 814 lterum
1012 754 1117 819 dicesl

92 844 227 917 ‘quorsus
242 834 352 899 haecl’
366 836 472 899 Debuit
489 840 516 899 ei
527 840 675 916 pecuniam
688 835 818 898 Valerius
829 835 936 898 Varus:
951 836 1033 898 buius
1049 848 1094 900 est

91 921 178 981 bores
193 921 330 982 Maximus
344 930 453 1001 noster,
470 941 554 1001 quem
568 932 598 982 et
614 923 678 1002 ipse
694 939 772 1000 amo,
792 919 845 982 sed
860 923 1036 982 coniunctius
1052 931 1092 983 tu.

91 1004 177 1083 llogo
193 1023 274 1084 ergo,
292 1007 376 1084 exigo
393 1008 475 1067 etiam
489 1022 541 1084 pro
553 1008 614 1066 iure
625 1007 776 1084 amicitiae,
793 1023 877 1066 cures
888 1013 917 1064 ut
929 1004 1015 1067 Atilio
1026 1017 1118 1069 meos

50 1089 171 1156 1osalva
186 1091 223 1150 sit
237 1106 293 1150 non
307 1107 371 1151 sors
385 1090 472 1151 modo
494 1109 592 1151 verum
611 1092 694 1151 etiam
713 1107 798 1150 usura
813 1087 935 1168 plurium
949 1107 1091 1150 annorum.

92 1172 184 1233 Homo
199 1184 245 1235 est
258 1173 342 1233 alieni
356 1174 627 1251 abstinentissimus,
649 1175 692 1233 sui
708 1172 846 1251 diligens,
868 1171 952 1233 nullis
969 1176 1091 1253 quaesti·

91 1257 145 1316 bus
162 1259 330 1334 sustinetur,
352 1255 446 1316 nullus
460 1256 501 1317 illi
516 1259 569 1317 nisi
581 1276 618 1317 ex
632 1256 792 1335 frugalitate
802 1256 919 1316 reditus.
949 1255 1019 1317 Nam
1035 1267 1119 1324 stu-6

92 1340 154 1417 dia,
178 1340 280 1419 quibus
301 1339 451 1419 plurimum
465 1351 607 1418 praestat,
628 1339 663 1399 ad
676 1339 849 1418 voluptatem
867 1348 972 1399 tanturn
987 1350 1016 1400 et
1029 1342 1092 1418 glo-

90 1426 159 1483 riam
180 1433 308 1484 exercet.
339 1420 438 1483 Gravis
452 1432 497 1483 est
512 1425 539 1483 ei
554 1423 601 1483 vel
616 1424 726 1481 minima
740 1424 865 1498 iactura,
883 1426 946 1499 quia
957 1441 1091 1501 reparare

50 1514 81 1566 15
92 1505 170 1586 quod
185 1508 312 1567 amiseris
326 1509 439 1582 gravius
461 1517 515 1567 est.
546 1504 646 1566 Exime
661 1505 736 1565 hunc
750 1505 809 1584 illi,
832 1506 923 1565 eximo
938 1505 1013 1568 hunc
1027 1507 1119 1572 mihil

91 1591 271 1668 scrupulum:
286 1592 347 1650 siue
361 1608 406 1650 me
421 1592 558 1651 suavitate
573 1592 646 1669 cius,
662 1592 723 1649 sino
737 1589 885 1667 leporibus
896 1589 1011 1668 perfrui.
1034 1589 1092 1652 Ne-

92 1692 148 1753 que
170 1676 244 1734 enim
263 1691 380 1753 possum
402 1675 512 1735 tristem
531 1673 646 1751 uidere,
675 1674 753 1733 cuius
774 1670 896 1733 hilaritas
914 1690 959 1734 me
983 1675 1091 1735 tristem

91 1775 159 1818 esse
173 1776 230 1818 non
247 1760 357 1836 patitur.
387 1756 420 1816 ln
434 1775 557 1836 summa,
578 1759 652 1818 nosti
669 1758 787 1818 facetias
802 1755 936 1827 bominis;
956 1775 1026 1838 quas
1040 1769 1116 1823 ιιι-8

91 1841 138 1901 lim
154 1840 289 1902 adtendas
301 1860 337 1902 ne
352 1843 380 1900 in
395 1841 480 1902 bilem
493 1851 522 1902 et
533 1842 743 1902 amaritudinem
759 1849 852 1900 vertat
866 1842 973 1901 iniuria.
1002 1842 1091 1915 Quam

48 1928 147 1988 sorim
160 1923 262 1995 babeat
277 1926 403 1986 offensus
420 1926 505 1986 crede
521 1927 547 1985 ei
561 1944 642 2005 quam
656 1928 684 1986 in
700 1942 795 1984 amore
808 1924 903 1984 habet.
935 1923 1001 1985 Non
1017 1926 1091 1987 feret

90 2018 269 2086 magnumst
291 2008 410 2068 liberum
431 2011 573 2086 ingenium
593 2027 656 2068 cum
677 2007 846 2069 contumelia
866 2006 1000 2067 damnum.
1034 2011 1117 2073 Ve-9

89 2110 151 2152 rum
165 2100 195 2151 ut
209 2093 282 2152 ferat
296 2091 363 2170 ille,
385 2108 442 2171 ego
462 2108 554 2152 meum
575 2092 717 2169 damnum,
733 2107 823 2150 meam
840 2090 1036 2150 contumeliam
1050 2095 1090 2151 iu-

90 2175 206 2252 dicabo,
223 2175 276 2236 sed
290 2192 345 2235 uon
362 2183 500 2253 tamqnam
520 2192 573 2253 pro
593 2193 673 2253 mea,
694 2175 751 2234 boc
773 2182 818 2234 est
839 2174 952 2250 gravius
975 2176 1088 2235 irascar.

90 2257 264 2338 Quamquam
285 2259 351 2339 quid
372 2258 626 2319 denuntiationibus
650 2270 679 2319 et
701 2258 780 2338 quasi
800 2257 881 2317 minis
907 2255 983 2335 ago?
1017 2258 1090 2331 Quin

48 2345 203 2422 aspotius,
222 2352 252 2404 ut
270 2361 439 2424 coeperam,
452 2359 541 2421 rogo,
558 2360 609 2403 oro
631 2342 682 2404 des
700 2359 816 2421 operam
832 2358 869 2401 ne
880 2339 930 2401 ille
943 2361 993 2420 se,
1014 2342 1090 2422 quod

89 2426 262 2488 validissime
277 2445 391 2505 vereor,
408 2444 492 2506 ame,
511 2443 569 2504 ego
585 2445 629 2487 mc
644 2425 808 2506 neglectum
822 2443 837 2485 a
851 2435 881 2485 te
896 2436 1000 2504 putem.
1034 2425 1089 2488 Da-

88 2510 141 2654 qisl
157 2519 268 2590 autem,
297 2513 321 2572 si
346 2511 404 2572 boc
427 2510 545 2589 perinde
572 2529 657 2572 curae
680 2519 724 2572 est
746 2510 797 2570 tibi
819 2526 901 2587 quam
921 2510 991 2571 illud
1012 2512 1088 2571 mibi.

114 2613 130 2654 a
142 2614 168 2656 e.

543 2725 596 2787 Vll
626 2773 634 2787 .

366 2826 393 2880 o.
414 2826 540 2878 ausurus
559 2727 676 2877 aalma
697 2826 757 2877 suo
775 2825 801 2879 S.

153 2927 340 2990 Commendas
366 2927 432 2988 mibi
452 2926 553 2987 lulium
571 2925 715 2988 Nasonem
735 2926 917 2988 candidatum.
948 2923 1115 2988 Nasonemt

88 3010 175 3073 mibi?
201 3009 268 3091 quid
289 3013 314 3072 si
333 3028 379 3071 me
399 3008 513 3090 ipsum?
544 3009 619 3071 Fero
641 3019 734 3072 tamen
752 3019 782 3071 ot
798 3012 928 3088 ignosco.
961 3007 1089 3070 Eundem

88 3099 163 3158 enim
180 3093 423 3156 commendassem
439 3093 505 3172 tibi,
527 3096 550 3153 si
566 3103 594 3154 te
610 3094 717 3155 Romae
728 3103 854 3155 morante
870 3095 932 3172 ipse
944 3092 1087 3154 afuissem.

44 3179 180 3245 bellabat
195 3180 252 3239 boc
269 3176 441 3257 sollicitudo,
456 3177 531 3257 quod
544 3181 636 3239 omnia
646 3180 808 3240 neccssaria
819 3186 908 3256 putat.
931 3176 972 3236 Tu
985 3185 1115 3254 tamemu

89 3281 209 3342 conseo,
227 3261 298 3323 alios
311 3279 413 3341 roges3
434 3278 491 3342 ego
512 3280 629 3341 procum
642 3271 751 3323 tuarum
764 3263 890 3321 minister
904 3260 1012 3321 adiutor
1026 3277 1089 3337 par·

88 3351 183 3426 ticeps
199 3364 258 3408 ero.
289 3345 370 3406 Vale.

128 3436 202 3491 Purus
219 3435 268 3491 En.
913 3428 942 3486 Q

46 2780 81 2835 30
