2400 3840
254 193 961 279 nrrsrumaumern]etmtrpetspmt
1047 201 1109 265 am

100 363 157 405 non
175 355 286 406 temere
306 345 374 407 dare
396 349 546 428 proposui.
577 348 636 410 Sed
656 367 719 410 cum
738 349 924 430 Harpocrati,
950 352 1110 432 iatraliptae

99 438 165 508 tuo,
187 432 243 490 iam
262 432 404 492 civitatem
418 430 572 494 Romanam
592 435 798 513 inpetraveris,
822 435 888 495 buic
904 454 1019 515 qnoque
1036 440 1109 516 peti·

99 515 169 574 tioni
185 524 253 575 tuae
274 533 382 592 negare
397 533 454 577 non
476 519 613 578 sustineo.
647 517 689 577 l'u
710 537 748 578 ex
769 536 827 598 quo
848 537 933 581 nomo
954 522 992 583 sit
1012 531 1109 583 notnm

98 597 165 659 mihi
181 599 280 660 iacere
296 597 435 679 debebis,
457 611 488 661 ut
510 600 661 680 epistulam
677 602 728 663 tibi
742 602 777 662 ad
791 603 958 685 Pompeium
972 605 1107 683 Plantam,

72 681 278 763 spraelcctum
294 682 430 764 Aegypti,
447 687 566 746 amicum
580 704 685 764 meum,
701 688 815 748 mittam.

483 818 559 882 vm.
581 819 725 900 [xxrmp

321 918 347 968 C.
367 917 492 970 PLINIUS
510 919 654 969 TRAIANO
672 918 880 971 tmpunnuout.

164 1017 236 1080 Cum
250 1020 332 1080 dirus
348 1030 430 1100 pater
445 1030 528 1099 tuus,
545 1019 668 1098 domine,
686 1030 715 1082 et
731 1023 858 1081 oratione
871 1020 1062 1102 pulcherrima
1077 1032 1131 1089 etl

58 1103 303 1174 lobonestissimo
320 1103 454 1184 exemplo
469 1123 568 1166 omues
581 1107 662 1166 cives
677 1104 712 1164 ad
729 1106 948 1167 munificentiam
964 1114 1043 1168 esset
1059 1125 1107 1166 co·

98 1189 245 1266 hortatus,
264 1189 334 1267 petii
348 1188 382 1248 ab
400 1206 437 1248 eo
454 1198 485 1249 ut
500 1197 607 1249 statuas
626 1190 802 1269 principum,
819 1207 888 1268 quas
903 1191 931 1249 in
945 1189 1108 1269 longinquis

98 1273 176 1352 agris
192 1271 359 1352 perplures
380 1274 584 1333 successiones
601 1271 716 1333 traditas
731 1273 798 1332 mihi
817 1272 916 1351 quales
937 1292 1107 1353 acceperam

99 1354 311 1435 custodiebam,
328 1357 507 1436 permitteret
522 1359 552 1415 in
565 1357 748 1436 municipium
759 1357 914 1417 transferre
928 1358 1040 1418 adiecta
1054 1375 1105 1418 sua

98 1449 200 1501 statua.
233 1439 317 1513 Quod
337 1439 449 1520 quidem
470 1439 520 1499 ille
542 1440 609 1499 mibi
625 1457 688 1499 cnm
703 1439 870 1520 plenissimo
885 1442 1048 1502 testimonio
1064 1442 1130 1500 ima

57 1523 239 1593 ledulserat;
262 1541 318 1603 ego
340 1525 433 1584 statim
454 1523 654 1584 decurionibus
677 1526 850 1603 scripseram
874 1533 904 1584 ut
924 1524 1108 1602 adsignarent

99 1607 194 1670 solum
213 1610 243 1669 in
264 1625 322 1689 quo
341 1608 477 1687 templum
498 1610 622 1686 pecunia
641 1625 704 1668 mea
720 1618 897 1679 extruerem;
918 1608 959 1668 illi
973 1611 1002 1669 in
1017 1608 1107 1669 bono-

99 1712 161 1755 rem
178 1692 277 1772 operis
297 1693 389 1773 ipsius
412 1691 587 1753 electionem
606 1691 665 1753 loci
685 1691 752 1752 mihi
768 1691 940 1754 obtulerant.
970 1693 1028 1754 Sed
1049 1695 1134 1771 pri-3

100 1796 176 1837 mum
186 1793 265 1852 mea„
290 1775 393 1837 deinde
413 1777 501 1856 patris
518 1777 558 1836 tui
576 1775 745 1854 valitudine,
768 1787 872 1856 postea
889 1779 964 1840 curis
980 1777 1106 1856 delegati

100 1880 116 1922 a
133 1861 217 1922 vobis
234 1860 322 1920 oflicii
344 1869 490 1938 retentus,
511 1879 586 1921 nunc
604 1860 705 1920 videor
726 1861 954 1924 commodissime
974 1861 1107 1943 possein

56 1956 161 2009 torem
177 1953 358 2024 praesentem
372 1963 537 2005 excurrere.
568 1942 640 2004 Nam
659 1954 689 2005 et
708 1956 881 2006 menstruum
895 1964 990 2006 meum
1004 1944 1107 2006 Kalen-

101 2029 143 2090 dis
160 2027 377 2110 Septembribus
393 2029 485 2089 iinitur
502 2037 531 2089 et
550 2047 676 2108 sequens
691 2030 799 2089 mensis
816 2029 969 2108 conplures
984 2029 1046 2090 dies
1064 2029 1107 2088 ie·

98 2115 187 2175 riatos
204 2112 299 2174 habet.
321 2111 407 2191 Rogo
424 2129 494 2191 ergo
510 2121 575 2172 ante
591 2113 683 2171 omnia
697 2117 843 2191 permittas
858 2112 925 2172 mihi
941 2130 1013 2191 opus
1030 2111 1132 2190 quod4

99 2198 283 2259 inchoaturus
299 2216 361 2259 sum
377 2215 518 2258 exornare
534 2205 563 2256 et
578 2205 625 2256 tua
640 2204 741 2272 statua,
758 2195 873 2274 deinde,
889 2207 919 2257 ut
936 2197 993 2256 boc
1009 2196 1106 2256 facere

100 2300 184 2362 quam
199 2284 387 2343 maturissime
403 2282 522 2362 possim,
538 2279 686 2358 indulgeas
703 2291 900 2341 commeatum.
920 2278 984 2340 Non
1001 2289 1046 2340 est
1060 2282 1132 2339 au·5

56 2371 92 2425 25
100 2375 159 2429 tem
174 2365 365 2446 simplicitatis
378 2384 459 2426 meae
473 2364 650 2425 dissimulare
664 2363 738 2442 apud
752 2364 908 2426 bonitatem
923 2373 998 2426 tuam
1014 2364 1108 2424 obiter

100 2460 129 2512 te
143 2451 296 2531 plurimum
311 2450 487 2520 conlatumm
501 2448 668 2509 utilitatibus
683 2448 726 2508 rei
744 2447 887 2510 familiaris
901 2467 992 2510 meae.
1013 2447 1107 2528 Agro-

98 2553 161 2595 rum
177 2537 250 2595 enim
270 2552 343 2615 quos
366 2537 394 2594 in
415 2533 516 2594 eadem
530 2533 650 2611 regione
665 2532 804 2611 possideo
817 2533 940 2612 locatio,
959 2551 1023 2594 cum
1038 2533 1107 2593 alio·

99 2620 149 2699 qui
165 2616 265 2680 GGGG
281 2619 419 2696 excedat,
443 2617 516 2678 adeo
532 2635 589 2677 non
603 2625 701 2696 potest
717 2617 824 2678 differri
839 2627 869 2678 ut
884 2621 1042 2698 proximam
1057 2635 1107 2695 pu·

99 2705 236 2765 tationem
261 2721 353 2765 novus
377 2703 497 2764 colonus
520 2701 618 2763 lacere
641 2701 754 2762 debeat.
785 2702 938 2764 Praeterea
959 2703 1108 2764 continuae

56 2786 269 2854 sustentantes
291 2797 399 2867 cogunt
418 2805 464 2848 me
487 2785 523 2848 de
538 2786 754 2848 remissionibus
768 2788 909 2864 cogitare;
934 2802 1050 2864 quarum
1064 2802 1107 2844 ra-

99 2875 207 2932 tionem
223 2872 279 2933 nisi
293 2890 431 2951 praesens
448 2873 521 2931 inire
535 2887 593 2930 non
608 2886 735 2948 possum.
752 2869 875 2930 Debebo
887 2886 969 2947 ergo,
983 2868 1132 2945 dominc,6

98 2955 295 3035 indulgentiae
316 2966 382 3017 tuae
403 2964 432 3015 et
454 2957 569 3036 pietatis
588 2972 669 3014 meae
692 2953 868 3014 celeritatem
884 2962 914 3014 et
929 2962 1018 3016 status
1034 2951 1107 3013 ordi-

98 3042 258 3119 nationem,
287 3041 312 3101 si
332 3038 399 3099 mibi
420 3041 457 3100 ob
478 3047 597 3122 utraque
619 3037 692 3099 haec
716 3037 830 3100 dederis
853 3047 1039 3100 commeatum
1059 3038 1108 3098 tri-

98 3126 178 3202 ginta
199 3124 317 3185 dierum.
348 3123 452 3203 Neque
473 3125 547 3184 enim
568 3125 716 3201 angustius
737 3132 851 3203 tempus
872 3123 1022 3203 praefinire
1040 3138 1107 3200 pos·
1165 3131 1168 3135 ’

57 3217 176 3286 iussum,
197 3226 260 3271 cnm
276 3217 305 3268 et
324 3210 508 3288 municipium
526 3217 555 3269 et
569 3210 630 3286 agri
651 3206 687 3268 de
709 3208 811 3286 quibus
835 3207 939 3288 loquor
960 3210 1015 3270 sint
1035 3204 1109 3265 ultra

101 3295 289 3354 centesimum
303 3302 333 3355 et
347 3294 613 3373 quinquagesimum
629 3291 761 3372 lapidem.
