2400 3840
85 149 145 212 172
504 142 536 205 G.
559 140 656 202 PLINI

84 310 114 360 ut
134 301 225 359 omnia
245 297 408 371 emendem,
436 294 512 374 quod
529 295 697 371 contingere
714 306 771 350 non
789 298 888 368 potest
903 287 1000 348 electa
1017 288 1079 346 reci·

60 382 217 446 ttantibns.
237 381 282 440 Ad
295 380 366 439 illud
382 379 539 439 modestius
554 386 583 439 et
597 378 720 438 fortasse
736 373 930 434 reverentius.
962 369 1020 431 Sed
1033 369 1081 430 hoc

85 464 242 543 simplicius
264 474 293 525 et
313 464 458 524 amantius.
488 461 569 521 Amat
591 463 665 521 euim
687 459 736 537 qui
751 476 785 518 se
800 457 846 518 sic
861 455 948 516 amari
963 463 1040 533 putat
1058 461 1083 514 ut

86 547 208 607 taedium
223 565 280 608 uon
292 547 489 625 pertimescat:
511 553 540 605 et
554 542 659 622 alioqui
674 541 741 620 qnid
756 548 905 620 praestant
921 537 1044 613 sodalis,
1064 537 1084 598 si

87 633 258 692 conveniunt
274 630 428 709 voluptatIs
448 646 516 689 suae
534 623 639 688 causa?
659 624 807 685 Delicatus
822 640 858 683 ac
876 621 979 683 similis
995 621 1102 698 ignotus
1165 650 1166 671 t

61 724 133 779 test
150 716 197 793 qni
217 716 299 776 amici
315 714 417 774 librum
437 712 541 771 bonum
560 708 664 769 mavult
677 708 774 768 audire
789 723 876 785 quam
890 705 1000 766 lacere.
1030 702 1085 764 Non

86 798 183 859 dubito
199 817 306 878 cupere
325 807 353 858 te
369 813 420 874 pro
436 805 533 856 cetera
546 793 601 853 mei
617 793 734 853 caritate
748 807 832 869 quam
847 789 1038 849 maturissime
1050 787 1084 848 le·

86 901 157 960 gere
178 883 252 942 huuc
274 880 364 940 adhuc
386 887 526 938 musteum
542 877 653 936 librum.
686 873 800 951 Leges,
826 871 882 933 sed
896 880 1085 939 retractatum
1152 920 1153 924 ,

87 984 159 1043 qnae
177 981 261 1025 causa
274 961 411 1023 recitandi
427 961 493 1027 iuit;
512 970 649 1020 ettamen
665 975 721 1018 non
739 955 817 1017 nulla
831 957 889 1015 iam
904 973 943 1016 ex
960 973 996 1016 eo
1010 956 1086 1015 nosti.
1156 1020 1158 1031 ,

86 1048 165 1107 Ilaec
175 1045 322 1120 emendata
334 1054 436 1122 postea
446 1043 505 1120 vel,
522 1042 598 1122 quod
613 1041 752 1102 iuterdnm
764 1039 902 1117 longiore
916 1056 996 1099 mora
1007 1037 1117 1114 solet,1t
1157 1056 1159 1115 q

88 1129 227 1188 deteriora
241 1127 315 1187 iacta
331 1128 410 1206 qnasi
425 1134 611 1186 nova'rursns
623 1133 652 1185 et
668 1123 810 1202 rescrIpta
825 1139 1004 1199 cognosces.
1025 1119 1087 1182 Nan

87 1210 233 1290 plerisque
245 1211 355 1272 mutatis
369 1230 402 1272 ea
416 1226 529 1290 quoque
539 1217 641 1269 mutata
650 1207 781 1268 videntur
790 1224 865 1285 quae
875 1215 1001 1267 manent.
1013 1204 1087 1266 Vale.

608 1336 631 1398 1.

371 1439 398 1492 G.
418 1337 684 1490 PLINIUSXGXIIMINO
700 1435 761 1487 SUO
778 1433 805 1486 S.
1096 1458 1120 1515 15

63 1553 78 1605 1
150 1540 268 1601 Nostine
286 1539 339 1598 hos
361 1542 408 1616 qui
424 1541 545 1599 omnium
561 1539 705 1599 libidinum
725 1536 802 1597 servi
824 1536 869 1596 sic
884 1535 1007 1596 aliorum
1021 1535 1090 1595 sitiit

89 1626 246 1684 irascuntur
267 1622 346 1699 quasi
360 1622 500 1683 inrideant
520 1632 549 1682 et
568 1623 736 1700 gravissime
752 1621 870 1697 puniunt
887 1637 963 1698 qnos
978 1621 1090 1679 maxime

90 1701 247 1764 imitantur?
267 1720 330 1761 cum
347 1722 399 1763 eos
414 1708 497 1766 etiam
512 1708 558 1785 qni
572 1722 628 1764 uon
644 1704 771 1780 indigent
786 1701 941 1763 clementia
956 1701 1041 1762 ullius
1055 1702 1090 1761 ni·
1161 1702 1164 1707 '

64 1787 129 1851 anti
143 1788 231 1862 magis
246 1804 328 1864 qnam
342 1786 442 1849 lenitas
461 1789 570 1850 deceat.
601 1788 697 1866 Atque
719 1803 775 1864 ego
796 1785 936 1864 optimum
958 1795 988 1847 et
1001 1804 1091 1846 emen·

91 1869 263 1929 (latissimum
279 1871 408 1931 existimo
427 1876 474 1951 qui
492 1874 597 1932 ceteris
611 1873 648 1930 ita
666 1871 790 1947 ignoscit
803 1877 950 1948 tamquam
968 1871 1033 1947 ipse
1048 1880 1126 1934 ‹to-tt

89 1952 156 2014 tidie
175 1962 298 2031 peccet,
319 1955 357 2014 ita
379 1958 505 2034 peccatis
523 1955 645 2015 abstinet
665 1963 805 2032 tamquam
825 1952 933 2012 nemini
955 1953 1092 2030 ignoscat.

63 2035 211 2099 3Proinde
225 2037 282 2097 boo
296 2037 387 2116 domi,
402 2038 458 2098 boc
471 2038 558 2115 loris,
580 2037 636 2097 hoc
649 2036 678 2094 in
693 2037 769 2095 omni
780 2036 856 2098 vitae
872 2054 986 2113 genere
1000 2041 1092 2098 tenea·

90 2137 169 2196 mus,
195 2130 225 2180 ut
244 2120 328 2181 nobis
348 2121 532 2199 inplacabiles
550 2122 652 2196 simus,
678 2117 841 2180 exorabiles
861 2121 927 2180 istis
950 2120 1036 2181 etiam
1051 2120 1094 2198 qui

90 2203 156 2262 dare
172 2205 282 2262 veniam
297 2205 350 2263 nisi
367 2204 421 2264 sibi
436 2206 582 2280 nesciunt,
607 2202 830 2280 mandemusque
846 2205 1007 2264 memoriae
1023 2201 1095 2282 quoiI

89 2287 132 2343 vir
146 2283 308 2343 altissimus
323 2293 352 2343 et
363 2287 399 2346 ob
414 2287 471 2346 hoc
487 2305 600 2364 quoqne
614 2286 767 2362 maximus,
780 2285 921 2364 Thrasea,
937 2286 1044 2347 crebro
1058 2286 1126 2354 ‹li-25

90 2383 158 2425 cere
172 2365 294 2442 solebat,
309 2370 369 2445 ‘qui
384 2370 451 2429 vitia
466 2369 541 2447 odit,
562 2369 689 2429 homines
711 2369 793 2429 odit?
825 2368 952 2443 Quaeris
974 2370 1096 2432 fortasse

63 2457 146 2525 lquo
162 2457 318 2510 commotus
332 2450 404 2511 baec
419 2453 549 2512 scribam.
571 2450 671 2530 Nuper
685 2452 797 2530 quidam
807 2483 852 2501 --
864 2452 920 2514 sed
931 2453 1038 2515 melius
1050 2470 1096 2513 co·

89 2547 162 2597 ram;
180 2548 350 2608 quamquam
363 2552 399 2593 ne
410 2543 478 2593 tunc
492 2534 613 2611 quidem.
645 2534 759 2595 Vereor
772 2538 848 2596 enim
862 2554 901 2596 ne
917 2535 947 2596 id
965 2537 1044 2617 quod
1058 2538 1097 2596 in·

90 2613 181 2691 probo
199 2616 331 2674 insectari
353 2633 471 2693 carpere
485 2616 547 2677 fere
561 2616 627 2676 halo
644 2619 721 2694 quod
739 2637 803 2679 cum
816 2621 940 2680 manime
954 2621 1096 2700 praecipi·

90 2713 150 2756 mus
167 2706 317 2774 repugnet.
350 2695 485 2774 Quisquis
508 2698 575 2776 ille,
600 2699 831 2780 qualiscumque,
855 2701 998 2781 sileatur,
1015 2720 1132 2784 quomo

91 2779 361 2918 pusignqelexempli
376 2778 455 2857 nihil,
470 2799 526 2840 nou
539 2783 674 2858 insignire
689 2783 867 2846 humanitatis
883 2784 1040 2864 plurimum
1055 2806 1099 2848 re·

104 2871 157 2919 ert.
213 2879 267 2920 ae.

537 2993 642 3054 XXIII.

334 3089 361 3141 G.
378 3088 501 3140 PLINIUS
517 3092 722 3144 MARCELLINO
741 3095 802 3147 SUO
819 3096 845 3152 S.
1106 3133 1135 3192 3⁶

67 3193 81 3242 1
152 3185 248 3249 Omnia
261 3190 328 3249 mihi
339 3190 440 3267 studia,
454 3209 552 3254 omnes
566 3213 659 3272 curas,
676 3199 768 3257 onmia
779 3212 968 3264 avocamenta
980 3197 1100 3283 exemit,

91 3273 228 3362 excussit,
248 3274 350 3349 eripuit
364 3272 456 3350 dolor,
473 3292 557 3352 quem
572 3295 609 3336 ex
623 3287 714 3339 morte
729 3279 790 3341 iuni
805 3282 884 3344 Aviti
897 3288 1101 3362 gravissimum

63 3352 163 3423 accpi.
183 3351 278 3412 Latum
294 3351 403 3412 clavum
417 3355 445 3412 in
460 3355 544 3418 domo
555 3375 618 3418 mea
628 3360 771 3423 induerat:
789 3366 928 3444 suffragio
940 3387 1010 3433 meo
1023 3373 1100 3435 adia-
