2400 3840
113 163 154 226 52
539 158 570 221 0.
595 158 691 220 PLlNl

112 317 185 376 enim
200 332 266 374 esse
278 331 440 391 congruens
451 312 588 390 arbitror,
607 329 692 391 quem
707 329 815 389 augere
832 311 990 375 bonoribus
1008 315 1115 393 cupias,

112 400 178 459 lruic
196 400 308 476 pietatis
326 397 415 458 titulis
431 396 574 474 invidere,
595 399 642 476 qui
661 405 726 457 sunt
746 397 875 456 omnibus
888 396 1045 458 honoribus
1056 398 1116 476 pul·

87 483 250 549 sobriores.
284 481 375 542 Video
388 483 489 559 ctiam,
510 499 573 540 cum
591 483 627 541 sit
646 480 794 558 egregium
811 489 840 540 et
857 482 962 541 mereri
980 482 1117 543 beneficia

113 577 142 626 et
160 565 244 643 dare,
263 575 408 645 utramque
425 575 455 626 te
472 565 583 625 laudem
601 564 683 624 simul
695 563 912 642 adsecuturum,
931 566 957 625 si
969 565 1117 645 quodipse

111 651 238 711 meruisti
255 650 300 710 alii
319 651 435 711 tribuas.
469 648 620 710 Praeterea
638 647 776 731 intellego
794 648 861 708 mibi
881 664 1000 729 quoque
1011 649 1139 727 gloriaot

112 734 194 813 iore,
213 736 237 795 si
257 753 295 794 ex
312 735 368 794 hoc
386 744 434 796 tuo
453 733 529 793 iacto
546 751 603 794 non
615 733 699 793 luerit
711 734 838 809 ignotum
850 734 958 794 amicos
970 751 1054 794 meos
1065 750 1117 794 non

87 829 216 897 Agenore
234 829 340 880 tantum
359 819 514 878 tribunatus
529 835 618 895 posse
633 834 732 876 nerum
753 819 836 876 etiam
847 814 925 877 darc.
955 816 1052 891 Quare
1064 834 1116 896 ego

113 922 181 965 vcro
194 904 411 965 honestissimae
423 899 558 960 voluntati
570 911 635 962 tuae
648 917 747 980 pareo.
765 898 867 978 Neque
878 902 953 960 enim
965 901 1059 962 adhuc
1069 918 1116 962 uo·

112 1007 176 1048 men
188 990 359 1047 innumeros
371 983 490 1044 relatum
502 992 562 1061 est,
581 985 705 1063 ideoque
723 983 843 1045 liberum
860 994 905 1045 est
923 986 1010 1046 uobis
1031 984 1116 1045 Silva·

112 1089 177 1131 num
189 1073 217 1128 in
231 1069 327 1128 locum
337 1076 414 1128 tuum
426 1066 564 1135 subdere;
588 1069 634 1128 eui
653 1069 738 1147 cupio
750 1077 804 1128 tam
816 1077 927 1146 gratum
940 1087 1010 1131 esse
1021 1087 1116 1130 munus
1124 1079 1150 1133 lt

113 1163 190 1214 tuum
206 1170 287 1230 quam
298 1152 348 1211 tibi
360 1169 452 1211 mcum
465 1159 517 1211 est.
537 1150 618 1211 Vale.

571 1283 662 1345 VIIII.

213 1385 216 1394 ·
281 1386 307 1438 c.
328 1384 452 1436 ruimus
470 1384 629 1435 connubio
647 1385 816 1436 ntttttcrnn’o
836 1383 895 1437 soo
916 1385 944 1440 s,

90 1506 103 1556 l
174 1488 291 1549 Possum
308 1490 363 1548 iam
381 1487 562 1565 perscribere
574 1487 625 1547 tibi
638 1497 771 1565 quantum
783 1489 811 1546 in
823 1487 940 1566 publica
954 1492 1116 1569 provinciae
1125 1501 1147 1556 lt

88 1571 247 1638 abacticao
260 1589 345 1632 causa
361 1571 467 1631 laboris
480 1571 666 1631 exhauserim.
688 1570 758 1631 Nam
770 1571 822 1632 iuit
836 1571 989 1652 multiplex
1001 1585 1118 1654 actaque

114 1665 159 1716 est
176 1657 291 1734 saepius
309 1672 372 1714 cum
389 1670 490 1731 magna
506 1656 651 1715 varietate.
676 1654 756 1715 Unde
767 1654 910 1717 varietas?
930 1658 1007 1718 unde
1023 1659 1115 1738 plures

86 1760 88 1764 ¹
114 1734 262 1798 actiones?
280 1736 422 1797 Caecilius
441 1736 603 1817 Classicus,
625 1738 710 1799 homo
730 1740 833 1800 foedus
850 1750 880 1801 et
897 1749 1000 1820 aperte
1019 1742 1115 1820 malus,

113 1820 343 1900 proconsulatum
359 1823 387 1881 in
404 1839 438 1881 ea
455 1839 511 1882 non
528 1824 617 1883 minus
634 1822 775 1883 violenter
792 1841 875 1901 quam
890 1825 1009 1886 sordide
1019 1845 1115 1905 gesse

88 1913 156 1973 3rat
168 1905 270 1966 eodem
286 1923 358 1967 anno
376 1923 432 1983 quo
452 1907 480 1965 in
497 1905 592 1966 Africa
606 1904 710 1967 Marius
727 1906 849 1968 Priscus.
871 1907 941 1970 Erat
953 1920 1049 1971 antem
1062 1910 1149 1971 Pri-tt

114 2008 181 2049 sous
198 2008 234 2050 ex
247 1989 378 2068 Baetica,
392 2008 428 2050 ex
439 1989 535 2051 Africa
547 1989 703 2051 Classicus.
728 1991 799 2052 Inde
810 1992 914 2052 dictum
925 1993 1114 2071 Baeticorum,

113 2083 143 2133 ut
160 2074 329 2154 plerumque
347 2074 428 2136 dolor
447 2076 530 2135 etiam
548 2085 686 2136 venustos
703 2075 787 2153 iacit,
809 2093 865 2135 non
875 2076 1034 2156 inlepidum
1045 2079 1115 2140 fere·

87 2159 194 2224 abatur
212 2159 289 2220 ‘dedi
307 2159 409 2218 malum
428 2167 456 2218 et
473 2162 596 2236 accepi'
624 2159 682 2220 Sed
696 2157 878 2221 blariumuna
890 2163 991 2225 civitas
1004 2163 1115 2243 publice

113 2242 249 2320 multique
267 2245 367 2320 privati
381 2259 461 2311 rcum
477 2252 667 2320 peregerunt,
685 2244 713 2302 in
731 2243 889 2304 Classicum
900 2253 961 2307 tota
972 2249 1116 2325 provincia

89 2324 248 2392 sincubuit.
277 2324 329 2384 llle
347 2325 558 2386 accusationem
576 2326 623 2387 vel
641 2327 755 2388 iortuita
775 2327 823 2387 vel
846 2328 1006 2391 voluntaria
1027 2334 1149 2392 mortcti

114 2409 279 2488 praevertit.
297 2406 367 2467 Nam
380 2407 431 2468 fuit
441 2427 518 2471 mors
530 2413 592 2470 eius
604 2411 724 2488 infamis,
737 2412 866 2490 ambigua
880 2422 989 2475 tamen:
1003 2426 1034 2476 ut
1045 2416 1116 2476 enim

116 2491 253 2553 credibile
269 2490 416 2552 videbatur
432 2493 560 2555 voluisse
582 2496 660 2554 exire
686 2494 722 2554 do
742 2497 815 2574 vita,
840 2515 903 2556 omn
927 2498 1044 2562 delendi
1063 2516 1117 2560 non

115 2586 230 2653 posset,
253 2577 291 2636 ita
310 2579 408 2637 mirum
431 2577 569 2655 pudorem
593 2578 776 2641 damnationis
791 2590 882 2641 morte
904 2580 1017 2660 legisse
1036 2600 1117 2663 quem

90 2674 171 2729 finon
192 2662 340 2741 puduisset
363 2661 513 2722 damnanda
540 2665 726 2724 committere.
771 2662 865 2725 Nihilo
890 2667 982 2726 minus
1005 2666 1116 2728 Baetica

115 2748 197 2805 etiam
209 2749 238 2806 in
256 2745 381 2806 defuncti
392 2747 574 2806 accusatione
586 2748 739 2824 perstabat.
763 2748 910 2810 Provisum
920 2750 979 2811 hoc
990 2751 1151 2831 legibus&
1180 2809 1184 2816 .

114 2829 301 2890 intermissum
318 2841 410 2891 tamen
429 2839 457 2889 ct
474 2839 541 2908 post
558 2829 672 2908 longam
689 2833 929 2912 intercapedinem
950 2843 1018 2895 tuuc
1036 2834 1114 2897 redu·

116 2922 198 2972 ctum.
221 2913 396 2975 Addiderunt
407 2913 516 2974 Baetici
529 2913 605 2992 quod
616 2915 698 2975 simul
711 2918 808 2978 socios
820 2919 1024 2997 ministrosque
1038 2917 1114 2980 ctas-

115 2997 167 3055 sici
191 2995 351 3057 detulerunt
373 2999 592 3074 nominatimque
610 3001 637 3057 in
655 3018 707 3061 eos
724 3002 935 3081 inquisitionem
953 3003 1114 3082 postulare·

90 3087 187 3142 irunt.
210 3078 333 3139 Aderam
343 3080 467 3142 Raeticis
479 3099 646 3160 mecumque
657 3083 797 3148 Lucceius
809 3085 947 3161 Albinus,
969 3089 1014 3148 vir
1030 3089 1058 3149 in
1076 3085 1113 3146 di·

116 3163 207 3224 cendo
221 3164 356 3240 copiosus
373 3176 503 3233 ornatus;
522 3183 607 3244 quern
620 3185 677 3244 ego
691 3187 754 3229 cum
767 3168 834 3229 olim
846 3179 942 3230 mutuo
955 3171 1147 3250 diligeremit

88 3255 151 3309 Sex
168 3247 222 3308 hac
240 3246 327 3308 oflicii
344 3251 483 3310 societate
496 3266 589 3310 amare
606 3251 747 3314 ardentius
767 3254 861 3333 coepi.
891 3252 986 3318 Habet
1004 3256 1113 3336 quidem

114 3330 220 3408 gloria,
233 3332 261 3391 in
273 3332 370 3394 studiis
383 3335 567 3413 praesertim,
580 3334 710 3410 quiddam
721 3328 969 3418 ἀκοινώνητον,
981 3342 1066 3403 nobis
1075 3348 1113 3403 ta·

114 3433 178 3476 men
193 3414 299 3478 nullum
312 3426 472 3495 certamen,
492 3417 569 3477 nulla
587 3423 750 3498 contentio,
767 3440 833 3482 cum
843 3430 965 3500 uterque
977 3427 1038 3503 pari
1049 3428 1111 3502 iugo
