2400 3840
87 72 148 174 ree
511 107 544 170 o.
565 106 664 169 runnu

62 267 189 331 asinum
203 263 281 341 quod
293 263 412 324 muime
431 262 539 340 iuueni,
562 261 727 323 debebatur.
756 258 909 323 Praeterea
928 272 1005 324 tento
1019 281 1077 324 eon·
1125 266 1127 285 '

88 366 175 410 sensu
196 348 343 426 rogaberis
365 356 395 408 ut
416 364 523 424 negare
537 363 594 406 non
609 353 742 406 coustam
757 344 811 405 sed
823 343 923 406 durum
935 346 1075 409 videretur.

86 429 160 492 Illud
176 447 292 511 quoque
307 433 427 510 egregie
449 429 526 509 quod
540 439 596 490 tam
610 427 720 505 facilis,
741 437 799 488 tam
818 427 946 492 liberalis
959 433 987 490 in
1001 430 1075 491 eden·

59 516 123 582 3do
139 515 225 576 luisti.
247 514 318 576 Nam
333 535 386 595 per
400 515 472 575 baec
486 515 570 574 etiam
584 530 702 590 magnus
713 513 821 571 animus
832 515 998 574 ostenditur.
1017 513 1075 575 Vel·

87 598 145 661 lem
164 600 317 660 Africanae
339 618 410 679 quas
432 603 579 659 codmeras
601 596 736 676 plurimes
756 593 793 655 ad
812 597 990 674 praefinitum
1012 597 1091 658 dient

87 685 295 745 occurrissent:
315 683 368 745 sed
389 682 457 742 licet
477 681 651 742 cessaverint
670 678 737 739 illae
757 685 930 759 tempestate
947 682 1073 758 detentae,

87 779 117 829 tu
136 778 228 830 tamen
247 768 374 828 meruisti
393 773 424 825 ut
437 772 587 842 acceptum
601 764 650 824 tibi
666 764 746 823 fleret
761 762 838 841 quod
854 781 911 842 quo
932 768 1019 826 miuus
1034 783 1073 824 eu·

87 853 202 914 biberes
217 868 274 911 nou
289 869 342 929 per
356 860 385 910 te
397 850 485 909 stetit.
518 847 598 909 Vale.

361 1044 369 1058 ·
491 1041 694 1050 “····’“·“““
1079 1026 1102 1078 lo

312 1196 347 1277 o.
376 1192 485 1276 rum
512 1194 669 1275 eructu
696 1190 871 1275 suomet

209 1355 966 1471 EPISTULARUM
1080 1437 1102 1489 ιε

438 1546 535 1600 LIBER
557 1546 736 1604 SEPTIMUS.

573 1705 594 1764 1.

372 1801 400 1853 C.
419 1801 543 1852 PLINIUS
560 1799 681 1852 GEMINO
698 1799 757 1852 SUO
776 1801 802 1852 S.
1082 1857 1106 1910 w

62 1933 77 1982 1
147 1915 248 1979 Terret
267 1936 312 1978 me
333 1919 404 1979 baec
419 1927 466 1980 tua
487 1929 543 1979 tam
557 1921 687 1999 pertinax
700 1917 849 1995 valetudo,
871 1927 902 1978 et
923 1936 1078 1998 quamquam

88 2011 116 2061 te
130 2004 415 2082 temperantissimum
428 2005 571 2081 noverim,
593 2019 697 2062 vereor
709 2011 802 2062 tamen
815 2019 852 2061 ne
868 2002 937 2080 quid
951 2002 992 2063 illi
1006 2004 1078 2062 etim

62 2087 115 2150 tin
129 2105 224 2148 mores
239 2096 304 2148 tuos
318 2086 412 2149 liceat.
445 2086 564 2148 Proinde
585 2103 688 2145 moneo
704 2086 845 2164 patienter
864 2088 1000 2148 resistas:
1030 2085 1078 2145 boc

86 2169 245 2246 laudabile,
261 2171 317 2230 boc
331 2169 462 2230 salutare.
494 2169 622 2231 Admittit
637 2169 753 2229 bumana
766 2177 864 2228 natura
879 2169 958 2248 quod
971 2170 1078 2230 suadeo.

63 2253 156 2329 eipso
177 2262 257 2312 certe
277 2255 320 2311 sie
340 2271 427 2330 agere
447 2271 530 2315 sanus
552 2272 616 2315 enm
632 2255 703 2313 meis
719 2251 818 2313 soleo:
844 2254 1109 2332 ‘spero-quidemn

87 2338 112 2394 si
127 2335 202 2394 iorte
215 2335 244 2393 in
258 2335 405 2396 adversam
424 2337 613 2399 valetudinem
633 2337 777 2414 incidero,
794 2335 864 2396 nibil
879 2355 925 2399 me
941 2337 1078 2399 desidera·

85 2429 177 2478 turum
190 2417 238 2478 vel
253 2418 362 2497 pudore
374 2420 422 2482 vel
433 2422 606 2499 paenitentia
619 2419 746 2498 dignum:
761 2421 786 2480 si
800 2429 895 2482 umen
909 2420 1080 2501 superaverit
1122 2444 1125 2451 ¹

86 2501 212 2580 morbus,
225 2501 357 2564 denuntio
368 2524 404 2564 ne
417 2505 483 2586 quid
493 2506 559 2564 mibi
572 2505 646 2565 detis
656 2505 710 2565 uisi
718 2505 948 2583 permittentibus
957 2505 1079 2579 medicis,

87 2587 251 2666 sciatisque,
264 2590 289 2648 si
304 2587 455 2667 dederitis,
470 2592 508 2649 ita
521 2589 723 2649 uindicaturum
742 2598 773 2649 ut
787 2587 882 2649 solent
893 2589 942 2649 alii
953 2607 1026 2668 quae
1035 2605 1080 2646 ue·

61 2677 209 2749 dgoutur?
231 2671 305 2746 Quin
319 2674 403 2733 etiam
417 2692 481 2734 cum
497 2682 630 2751 perustus
644 2672 839 2735 ardentissima
852 2672 935 2732 febre
942 2719 957 2751 ,.
975 2671 1112 2740 tandemto

85 2759 220 2817 remissus
246 2766 406 2836 uacunque
427 2759 591 2836 acciperem
611 2774 627 2815 a
648 2756 761 2816 medico
781 2757 948 2835 potionem,
972 2755 1081 2836 porrexi

84 2857 194 2898 manum
212 2851 300 2918 utque
320 2850 449 2918 tangeret
469 2840 543 2918 dixi,
564 2841 761 2918 admotumque
782 2841 835 2898 iam
849 2837 938 2901 labris
953 2839 1081 2917 poculum

62 2921 203 2982 creddidi.
238 2922 341 2984 Postea
361 2942 425 2984 oum
444 2925 600 2985 vicensimo
620 2923 787 2984 valetudinis
808 2923 854 2982 die
875 2923 991 2984 balineo
1006 2939 1081 3002 prae·

84 3021 202 3082 pararer
216 3017 434 3085 mussantesque
449 3007 577 3067 medicos
590 3018 710 3086 repente
730 3006 882 3083 vidissem,
905 3025 1020 3068 causam
1040 3024 1086 3067 re·.

85 3088 195 3165 quisivi.
216 3087 436 3167 Responderunt
448 3107 537 3171 posse
549 3109 595 3150 me
605 3101 667 3152 tuto
677 3091 776 3168 lavari,
791 3100 960 3152 nontamen
974 3093 1114 3153 omniuott

62 3172 148 3235 tisine
167 3169 260 3249 aliqua
280 3176 449 3252 suspitione.
482 3173 580 3248 ‘Quid’
602 3177 714 3254 inquam
735 3181 871 3236 ‘necesse
892 3172 981 3236 esti’
1002 3184 1083 3254 atque

84 3257 123 3315 ita
136 3273 189 3334 spe
205 3254 326 3333 balinei,
348 3260 394 3318 cui
408 3261 462 3318 mm
474 3257 592 3318 videbar
604 3260 718 3336 inferri,
740 3257 852 3337 placide
867 3257 1031 3338 leniterque
1045 3257 1083 3318 di·

85 3339 171 3399 misse
185 3337 221 3398 ad
235 3338 432 3402 abstinentiam
446 3361 556 3420 rursus,
571 3359 628 3403 non
643 3361 727 3403 secus
739 3361 772 3402 ac
787 3341 871 3402 modo
893 3343 929 3403 ad
946 3343 1084 3404 balineum
