2400 3840
378 202 639 266 EPISTULARUM
653 204 717 265 v11.
738 219 763 270 5.
780 217 806 270 6.
1033 208 1095 271 135

89 358 195 419 iudicio
215 356 333 435 loquor;
356 361 419 438 qui,
442 361 504 419 sive
524 357 648 419 iudicant
664 360 727 419 sive
744 370 855 440 emant,
878 379 924 422 me
943 359 1094 422 delectant.

90 443 181 588 pippin
196 458 320 586 prppor,
341 450 372 501 ut
391 446 501 521 posteri
522 460 635 521 quoque
651 451 698 501 aut
714 453 810 504 errent
822 445 950 507 similiter
963 454 1010 504 aut
1024 444 1095 504 iudi·

574 659 609 718 V.

327 758 354 809 Ο.
373 758 498 809 PLINIUS
518 758 721 810 CALPURNIAE
737 757 821 810 SUAE
836 758 862 810 S.

65 710 80 760 5

149 861 323 922 Incredibile
337 871 381 923 est
402 872 505 940 quanto
522 861 665 923 desiderio
681 864 720 923 tui
738 871 846 924 tenear.
868 862 900 924 ln
912 882 997 926 causa
1011 882 1115 934 amorl

88 948 226 1026 primum,
258 945 360 1006 deinde
387 946 463 1025 quod
487 961 542 1004 non
571 949 770 1008 consuevimus
798 948 911 1010 abesse.
948 949 1018 1010 lude
1048 961 1093 1014 est

89 1029 165 1108 quod
180 1047 309 1106 magnam
319 1032 444 1090 noctium
455 1037 564 1109 partem
574 1031 602 1088 in
613 1031 734 1109 imagine
753 1041 801 1091 tua
815 1032 884 1110 vigil
904 1035 1007 1111 exigo,
1028 1033 1092 1095 inde

51 1113 164 1194 loquod
179 1112 300 1174 interdiu
319 1113 420 1191 quibus
435 1114 513 1173 horis
534 1120 562 1171 te
578 1115 672 1174 visere
687 1114 815 1176 solebam
829 1116 864 1176 ad
880 1116 1000 1177 diaetam
1018 1126 1093 1178 tuam

88 1199 143 1278 ipsi
158 1215 214 1273 me,
231 1204 261 1256 ut
275 1198 425 1257 verissime
438 1194 555 1272 dicitur,
575 1197 665 1274 pedes
680 1198 799 1275 ducunt,
818 1200 895 1278 quod
909 1200 1031 1280 denique
1045 1219 1092 1262 ae·

87 1299 142 1359 ger
153 1288 183 1340 et
196 1289 320 1341 maestus
336 1298 370 1341 ac
382 1282 480 1342 similis
492 1279 612 1341 excluso
627 1299 745 1341 evacuo
757 1282 852 1342 limine
865 1284 981 1345 recedo.
1002 1284 1093 1345 Unum

88 1364 256 1444 tempuslris
275 1367 421 1424 tormentis
440 1373 533 1440 caret,
552 1380 609 1440 quo
623 1367 651 1424 in
665 1365 729 1425 loro
740 1369 893 1426 amicorum
909 1367 1004 1428 litibus
1025 1386 1092 1428 con·

87 1457 174 1510 teror.
205 1448 332 1509 Aestima
347 1457 376 1508 tu
392 1450 536 1527 quaesita
547 1463 609 1507 mea
624 1451 676 1527 sit,
700 1450 745 1508 cui
764 1451 879 1528 requies
894 1453 922 1510 in
936 1451 1044 1526 labore,
1061 1453 1116 1514 int

53 1534 200 1594 iimiseria
217 1533 349 1611 curisque
361 1532 508 1592 solacium.
540 1529 623 1590 Vale.

556 1664 604 1725 vl.

367 1763 395 1813 c.
412 1764 537 1816 uerutus
556 1763 702 1816 uncuruo
721 1763 780 1816 suo
797 1762 823 1814 S.

150 1861 225 1921 Rara
240 1870 268 1920 et
283 1861 414 1921 notabilis
429 1880 477 1923 res
491 1863 604 1926 Vareno
620 1864 748 1942 contigit,
763 1865 799 1924 sit
809 1863 879 1925 licet
890 1864 981 1924 adhuc
997 1866 1115 1930 dubia.1

51 1946 201 2022 multumt
217 1946 428 2006 accusationem
444 1947 505 2007 eius
527 1957 560 2007 ut
581 1958 690 2008 temere
712 1947 870 2007 inchoatam
885 1950 1014 2009 omisisse
1030 1969 1091 2009 nar-

88 2038 191 2091 rantur.
225 2028 379 2089 Narrantur
400 2027 485 2090 dico?
510 2030 591 2092 adest
604 2032 768 2110 provinciae
787 2028 915 2108 legatus,
937 2032 1028 2091 attulit
1043 2032 1092 2091 de·

90 2124 197 2175 cretum
213 2112 327 2174 concilii
341 2112 376 2172 ad
392 2111 554 2191 Gaesarem,
570 2113 660 2174 attulit
674 2112 709 2172 ad
721 2112 825 2172 multos
840 2115 985 2191 principes
1001 2116 1088 2191 viros,

89 2197 181 2258 attulit
192 2199 276 2256 etiam
288 2197 323 2257 ad
339 2214 402 2274 nos,
419 2196 522 2257 Vareni
536 2197 698 2258 aduocatos.
721 2195 831 2256 Perstat
845 2204 938 2256 tamen
952 2196 1025 2256 idem
1040 2196 1115 2260 illes

89 2281 224 2359 llaguus;
241 2281 308 2359 quin
324 2283 407 2340 etiam
418 2280 580 2360 Nigrinum,
597 2282 733 2358 optimum
745 2281 849 2354 uirum,
868 2281 1091 2359 pertinacissime

51 2369 81 2421 25
90 2372 216 2425 exercet.
235 2363 290 2424 l’er
302 2364 376 2424 hunc
392 2383 408 2424 a
423 2366 586 2426 consulibus
598 2363 759 2444 postulabat
773 2372 804 2423 ut
816 2362 943 2424 Varenus
956 2364 1091 2424 exhibere

88 2450 213 2509 mtioues
234 2457 397 2525 cogeretur.
427 2448 608 2509 Adsistebam
622 2449 734 2509 Vareno
751 2451 806 2508 lam
820 2455 924 2508 tantum
942 2451 1114 2511 utamieuss

90 2541 118 2591 et
132 2543 231 2592 tacere
248 2532 442 2592 decreveram.
471 2530 547 2592 llilril
563 2535 637 2592 enim
651 2540 707 2592 tam
722 2533 890 2592 contrarium
904 2549 986 2610 quam
1001 2534 1026 2591 si
1043 2532 1091 2592 ad·

89 2624 209 2676 vocatus
226 2633 242 2674 a
260 2623 358 2675 senatu
374 2615 454 2675 datus
475 2614 658 2677 defenderem
672 2625 703 2676 ut
718 2634 798 2674 reum
813 2617 859 2675 cui
874 2632 947 2693 opus
962 2624 1091 2674 essetne

89 2716 155 2758 reus
170 2696 323 2759 videretur.
348 2696 418 2759 Guro
435 2708 527 2759 tamen
543 2700 617 2760 linita
634 2700 824 2777 postulatione
835 2698 944 2774 Nigrini
956 2695 1116 2759 consulese

53 2781 183 2848 toadme
198 2781 297 2842 oculos
312 2782 490 2860 retulissent,
513 2785 635 2843 ‘scietis'
657 2786 768 2860 iuquam
785 2788 928 2840 ‘constare
950 2780 1032 2838 nobis
1054 2781 1091 2837 si·

90 2865 169 2926 lentii
183 2868 272 2924 nostri
287 2866 434 2944 rationem,
449 2884 513 2926 cum
530 2882 615 2926 veros
626 2865 737 2941 legatos
749 2865 911 2942 prouinciae
923 2860 1090 2921 audieritis)

91 2947 198 3010 Gontra
219 2947 352 3026 Nigrinus
368 2950 417 3010 ‘ad
434 2968 518 3028 quern
532 2950 612 3008 missi
634 2944 736 3007 sontl’
755 2946 820 3024 Ego
834 2945 881 3004 ‘ad
895 2962 941 3004 me
960 2961 1091 3023 quoque;

90 3033 186 3093 habeo
205 3031 352 3092 decretum
373 3035 558 3110 provinciae!
581 3030 690 3092 Rursus
707 3029 756 3090 ille
768 3036 876 3108 ‘potest
891 3029 941 3088 tibi
954 3027 1115 3107 liquere'5

90 3115 135 3176 Ad
148 3115 206 3176 hoc
221 3133 277 3194 ego
293 3118 329 3176 ‘si
345 3118 396 3178 tihi
412 3137 448 3178 ex
463 3116 575 3176 diverso
594 3115 699 3194 liquet,
716 3122 813 3194 potest
831 3111 940 3172 etmihi
956 3113 1031 3192 quod
1048 3121 1093 3173 est

56 3204 84 3262 i5
92 3198 193 3260 melius
212 3199 345 3279 liquere!
374 3199 444 3260 Tum
457 3199 569 3279 legatus
583 3198 743 3274 Polyaenus
759 3215 858 3259 causas
871 3195 994 3257 abolitae
1008 3204 1116 3259 acco-d

91 3286 207 3344 sationis
229 3285 363 3361 exposuit
383 3284 593 3364 postulauitque
622 3302 658 3343 ne
680 3281 834 3360 cognitioni
860 3278 990 3341 Caesaris
1010 3296 1092 3357 prae·

93 3368 225 3428 iudicium
240 3368 331 3428 lieret.
351 3368 509 3446 Respondit
522 3367 641 3444 llagnus
657 3369 814 3442 iterumque
829 3363 998 3440 Polyaenus.
1024 3360 1091 3441 lpse

91 3469 153 3512 raro
169 3461 198 3512 et
215 3453 341 3512 breviter
355 3452 555 3530 interlocutus,
571 3450 686 3511 multum
702 3466 749 3508 me
766 3451 837 3509 intra
852 3448 991 3508 silentium
1004 3446 1094 3506 tenui.
