2400 3840
101 171 162 238 158
524 167 556 229 G.
579 165 674 227 PLlNl

101 328 157 386 tior
171 321 377 401 repraesentari
394 319 469 381 nulla
484 321 599 381 materia
618 319 710 398 possit
732 334 816 397 ιιιιιιιι
832 336 857 378 ιι
849 317 1101 380 abstinentissimi

102 406 316 483 fidelissimique
334 404 462 465 custodis
481 401 676 483 principalium
699 419 784 482 opum
802 400 958 463 tenuitates
974 401 1102 463 adiurare

103 491 294 566 contigisset’.
325 486 388 548 lloc
407 497 474 547 tuuc
489 497 586 547 votum
602 494 735 563 senatus,
756 485 814 545 hoc
833 486 1026 586 praecipuum
1038 503 1102 563 gau·

102 574 177 634 dium
191 570 307 652 populi,
328 571 400 632 haec
414 569 589 632 liberalitatis
603 571 718 630 materia
733 568 910 648 gratissima,
933 588 959 630 ιι
951 568 1102 629 Pallantis

102 656 253 717 facultates
274 655 404 715 adiurare
428 654 603 734 publicarum
629 669 714 732 opum
736 652 890 730 egestione
915 654 1124 730 contingerett

76 739 160 805 tilam
178 757 250 819 quae
271 747 443 839 sequnntur,
466 736 593 798 voluisse
615 736 728 815 quidem
748 744 878 796 senatum
900 754 1026 796 censere
1043 735 1104 796 dan·

103 825 168 885 duru
182 842 219 884 ex
232 825 340 883 aerario
357 824 519 882 sestertium
537 821 645 881 centies
650 820 862 919 quinquagies,
893 828 924 880 et
947 829 1053 898 quanto
1070 817 1102 878 ab

104 906 241 969 eiusmodi
262 905 460 983 cupiditatibus
478 905 614 965 remotior
631 905 692 964 eius
712 904 819 963 animus
839 911 939 979 esset,
966 912 1045 963 tanto
1066 904 1104 960 in·

103 993 220 1069 pensius
235 997 336 1066 petere
357 1004 373 1046 a
394 984 510 1064 publico
530 995 648 1066 parente
665 995 695 1047 ut
712 1004 775 1046 cunr
796 984 992 1065 compelleret
1010 985 1045 1047 ad
1060 1003 1103 1045 cc·

76 1072 223 1138 edendum
246 1071 364 1131 senatui.
396 1068 429 1129 ld
448 1087 519 1130 vero
539 1070 637 1130 deerat
656 1079 686 1130 nt
706 1087 769 1129 cum
787 1067 916 1130 Pallante
937 1069 1137 1136 auctoritatem

102 1154 217 1233 publica
236 1161 385 1231 ageretur,
410 1151 502 1214 Pallas
522 1163 671 1232 rogaretur
685 1162 716 1214 ut
731 1153 840 1212 senatui
856 1152 1000 1231 cederet,
1024 1160 1053 1213 ιιι
1065 1150 1104 1211 illi

103 1239 324 1317 superbissimae
340 1237 525 1298 abstinentiae
540 1235 667 1298 Gaesar'
658 1254 722 1316 rpse
735 1235 891 1297 advocatus
903 1245 997 1313 esset,
1014 1254 1050 1297 ne
1061 1252 1103 1296 se·

104 1324 232 1383 stertium
251 1322 360 1382 centies
377 1323 563 1400 quinquagies
581 1329 740 1399 sperneret.
762 1315 896 1398 sprevit,
920 1282 1000 1397 quocl
1015 1317 1104 1380 solun

103 1408 195 1506 potuit
222 1407 306 1468 tantis
332 1406 433 1486 opibus
457 1405 574 1485 publice
596 1402 698 1464 oblatis
713 1402 894 1480 adrogantius
909 1402 1011 1464 iacere
1025 1419 1104 1482 quam

60 1501 95 1552 10
104 1493 129 1551 si
144 1493 315 1569 accepisset.
342 1489 463 1550 Senatus
480 1499 573 1550 tamen
589 1488 616 1548 id
631 1504 745 1566 quoque
758 1485 856 1546 similis
871 1488 1008 1564 querenti
1020 1485 1104 1546 landi-
1111 1491 1139 1546 u

92 1575 157 1636 bus
169 1574 243 1650 tulit,
257 1575 301 1633 his
312 1572 425 1651 quidem
435 1573 547 1633 verbis:
563 1572 614 1632 sed
626 1589 689 1631 curn
700 1573 835 1649 princeps
848 1572 974 1649 optimus
989 1588 1104 1648 parens·

104 1675 161 1734 que
173 1621 317 1734 publicus,
332 1663 449 1731 rogatus
466 1654 639 1731 aPallantc
655 1663 840 1734 campartem
856 1655 1018 1715 sententiae
1033 1671 1103 1752 quae

103 1738 263 1817 pertinebat
279 1738 315 1797 ad
336 1737 453 1797 dandum
475 1740 502 1797 ei
524 1757 560 1797 ex
578 1739 686 1799 aerario
706 1738 869 1798 sestertium
893 1739 1006 1800 centies
1027 1739 1103 1817 quin·

104 1823 223 1898 quagies
232 1821 335 1881 remitti
343 1820 494 1899 voluisset,
506 1823 605 1881 testari
617 1828 744 1882 senatum
755 1821 808 1899 [etl
818 1839 852 1882 se
864 1820 992 1882 libenter
1003 1838 1037 1882 ac
1048 1839 1104 1881 ure·

102 1906 156 1965 rito
171 1904 243 1964 banc
258 1921 390 1964 summam
404 1905 478 1965 inter
488 1904 615 1985 reliquos
629 1905 753 1965 honores
768 1904 805 1964 ob
818 1903 903 1964 fidem
919 1903 1141 1984 diligentiam-tt

105 2007 161 2066 que
177 1988 294 2048 Pallanti
323 1988 481 2050 decernere
511 1991 661 2068 coepisse;
686 1986 824 2048 voluntati
848 1997 944 2049 ιιιιιιιι
968 1989 1103 2068 principis

105 2076 165 2150 sui,
188 2075 233 2133 cui
253 2075 282 2132 in
296 2072 372 2132 nulla
389 2092 422 2133 re
443 2073 486 2134 ιιι
501 2081 612 2151 putaret
627 2089 805 2150 repugnare,
824 2073 853 2130 in
872 2071 927 2132 lrac
943 2088 1104 2151 quoquere

63 2165 94 2217 ll
104 2158 234 2236 obsequi.
253 2156 408 2234 lmaginare
419 2154 573 2216 Pallantem
583 2155 662 2216 velut
673 2154 897 2215 intercedentem
909 2162 1028 2217 senatus
1040 2171 1104 2215 con-

105 2240 180 2300 sultc
195 2240 444 2317 moderantemque
456 2239 580 2299 honores
594 2256 663 2300 suos
678 2247 707 2298 et
722 2238 885 2298 sestertium
902 2240 1015 2300 centies
1028 2239 1104 2317 quin·

104 2325 223 2399 quagies
237 2331 268 2380 ut
282 2323 394 2380 nimium
404 2331 600 2399 recusantem,
623 2340 686 2382 cum
700 2322 841 2400 praetoria
858 2333 1023 2384 ornamenta
1037 2331 1140 2384 tum-sc

62 2413 95 2464 12
105 2421 186 2481 quam
209 2405 299 2464 minus
317 2405 493 2483 recepisset:
517 2368 669 2482 imaginare
690 2403 842 2466 Gaesarem
855 2403 951 2466 liberti
969 2406 1104 2484 precibus

102 2486 151 2545 vel
166 2488 285 2564 potius
276 2487 395 2565 imperio
408 2503 502 2546 coram
517 2498 616 2549 senatu
628 2489 885 2567 obtemperantem
899 2489 1023 2570 imperat
1032 2490 1105 2550 euim

102 2569 221 2630 libertus
237 2578 357 2650 patrono
372 2588 456 2648 quern
469 2573 497 2630 in
513 2582 612 2633 senatu
625 2581 722 2650 rogat:
742 2573 896 2649 imaginare
913 2582 1044 2634 senatum
1058 2591 1104 2633 us·

104 2672 272 2734 quequaque
295 2662 445 2714 testantem
463 2658 564 2717 merito
581 2657 759 2734 libenterque
781 2674 813 2715 se
828 2654 901 2716 banc
915 2674 1051 2718 summam
1064 2658 1104 2716 in·

103 2748 147 2799 ter
163 2739 291 2818 reliquos
305 2737 430 2799 honores
444 2738 561 2801 Pallanti
580 2741 713 2818 coepisse
734 2737 893 2799 decernere
914 2749 944 2801 et
965 2753 1140 2820 peracre-ao

102 2832 225 2882 raturum
240 2824 348 2900 fuisse,
369 2823 423 2883 nisi
441 2823 649 2901 obsequeretur
659 2823 795 2901 principis
808 2820 965 2902 voluntati,
988 2824 1034 2886 cni
1047 2840 1103 2885 non

104 2916 183 2967 esset
208 2906 252 2966 ιιι
271 2908 300 2966 in
326 2906 384 2967 ulla
411 2925 443 2966 re
461 2924 631 3005 repugnare
664 2904 723 2982 lta·,
750 2923 787 2966 ne
807 2908 973 2968 sestertium
994 2909 1102 2975 centias

103 2989 289 3086 quinquagies
302 2989 394 3050 Pallas
411 3007 448 3049 cx
461 2992 568 3049 aerario
582 2989 686 3065 ierrct,
707 2988 902 3049 verecundia
893 2993 1003 3070 ipsius,
1020 2991 1102 3055 obsc-

103 3072 170 3147 quie
186 3081 299 3132 senatus
315 3090 387 3153 opus
404 3072 492 3151 ιιιιι,“
483 3091 511 3131 ιιι
527 3072 583 3132 lucc
597 3073 751 3150 praecipue
766 3089 823 3132 non
838 3073 1058 3153 obsecuturi,
1033 3094 1058 3136 su
1074 3075 1102 3133 in

60 3161 94 3217 13
103 3152 160 3213 ulla
173 3172 205 3214 re
220 3164 348 3253 putasset
364 3156 407 3215 ιιι
423 3173 489 3216 csse
503 3172 560 3215 non
567 3156 700 3231 obsequi.
723 3154 820 3215 Finem
832 3155 1001 3220 existimaui
1021 3156 1141 3221 Maneat

103 3237 167 3298 dum
183 3246 213 3300 ct
227 3239 331 3299 maiora
344 3241 458 3316 accipe:
474 3241 593 3316 utique,
612 3255 674 3297 cum
688 3238 724 3297 sit
739 3238 808 3299 utile
822 3241 961 3322 principis
973 3242 1102 3320 benigni-

102 3331 188 3383 tatem
202 3322 439 3403 promptissimam
459 3320 495 3382 ad
511 3321 621 3380 laudem
641 3323 820 3421 praemiaque
842 3327 1012 3387 merentium
1031 3324 1102 3386 inlu-

102 3410 184 3467 strari
199 3408 322 3487 ubique,
344 3413 373 3464 et
390 3407 509 3465 maxime
529 3404 572 3465 his
592 3403 665 3464 locis
683 3405 807 3482 quibus
798 3407 908 3468 incitari
922 3409 982 3470 ad
972 3410 1101 3473 rmitatio·
