2400 3840
93 201 113 262 2
518 195 550 258 G.
575 195 672 258 l’LlNl

95 349 314 411 contubernales
334 351 369 411 ab
388 350 512 410 editione
528 368 583 410 non
598 349 769 425 abhorrere,
786 351 810 410 si
827 349 912 411 modo
928 360 958 410 tu
972 349 1075 410 fortasse

68 435 184 496 6errori
199 445 296 494 nostro
311 434 404 493 album
417 432 555 495 calculum
571 432 720 494 adieceris.
740 433 794 493 Est
807 436 881 493 enim
892 434 976 513 plane
989 430 1076 512 aliquid

93 517 250 596 edendum,
279 527 364 596 atque
386 520 488 577 utinam
512 517 568 576 hoc
592 519 767 594 potissimum
788 518 864 596 quod
886 527 1010 597 paratum
1032 512 1075 576 cst!

93 600 187 678 (audis
202 601 327 662 desidiae
337 601 449 680 votum)
462 601 601 661 edendum
616 609 709 660 autem
722 600 900 679 expluribus
917 602 1018 678 causis,
1033 616 1076 658 na·

91 686 167 744 xime
191 686 267 763 quod
289 685 379 745 libelli
403 702 476 763 quos
502 685 645 744 emisimus
667 685 797 744 dicuntur
814 686 843 743 in
863 685 992 744 manibus
1011 686 1091 758 essct

93 770 218 844 quamuis
236 771 289 828 iam
305 771 421 846 gratiam
435 769 566 829 nouitatis
583 769 726 836 exuerint;
747 769 800 827 nisi
815 777 909 827 tamen
920 768 1029 827 auribus
1038 783 1075 825 no·

93 853 158 912 stris
174 851 348 931 bibliopolae
363 851 549 911 blandiuntur.
586 851 644 911 Sed
661 869 730 910 sane
743 850 937 927 blandiantur,
963 851 1024 911 dum
1037 865 1077 928 per

43 985 46 991 .
91 935 147 995 hoc
162 934 337 996 mendacium
350 934 433 994 nobis
451 935 542 994 studia
555 942 652 993 nostra
668 935 873 995 commendent.
907 933 987 994 Vale.

559 1066 609 1128 111.

327 1164 354 1214 c.
373 1164 496 1215 nunnius
514 1165 643 1216 caurum
663 1166 746 1215 nuno
766 1165 824 1215 suo
842 1165 867 1214 s,
1083 1096 1101 1147 Ν

17 1306 21 1313 «
70 1275 85 1326 1
159 1262 232 1336 Quid
249 1265 307 1340 agit
325 1260 459 1340 Comum,
476 1273 540 1324 tuae
557 1284 695 1343 meaeque
711 1262 851 1325 deliciae?
874 1265 941 1343 quid
957 1264 1077 1325 suburba-

91 1366 156 1406 num
176 1343 425 1407 amoenissimum?
452 1348 518 1426 quid
538 1347 587 1408 illa
607 1350 735 1427 porticus
754 1366 841 1408 verna
861 1346 1000 1426 semper?
1025 1345 1078 1427 quid

91 1431 223 1511 platanon
240 1427 450 1510 opacissimus?
472 1431 539 1510 quid
550 1431 674 1510 Euripus
690 1432 786 1491 viridis
802 1439 830 1490 et
842 1429 1012 1508 gemmeus?
1026 1429 1078 1510 qnid

91 1515 238 1575 subiectus
256 1524 285 1575 et
305 1515 435 1575 serviens
457 1513 556 1575 lacus?
579 1517 645 1595 quid
665 1515 713 1575 illa
733 1513 827 1574 mollis
843 1523 872 1574 et
895 1523 989 1576 tamen
1002 1512 1101 1576 solinu

36 1661 39 1667 ,
90 1595 236 1675 gestatio?
256 1598 322 1676 quid
341 1596 483 1657 balineum
502 1597 588 1676 illud,
618 1600 693 1678 quod
714 1596 851 1677 plurimus
876 1598 921 1658 sol
943 1600 1038 1679 implet
1057 1606 1078 1658 ct

92 1677 242 1739 circumit?
259 1680 325 1758 quid
340 1680 461 1740 triclinia
473 1680 522 1741 illa
538 1682 696 1762 popularia,
708 1679 940 1761 illapaucorumi
963 1683 1027 1761 quid
1041 1700 1078 1742 ca·

90 1762 184 1824 bicula
202 1763 299 1822 diurna
314 1762 473 1824 nocturna?
493 1764 644 1827 Possident
658 1776 687 1827 te
703 1775 732 1826 et
750 1784 803 1845 per
819 1767 900 1826 vices
917 1761 1079 1843 partiuntur?

65 1857 142 1924 ban,
163 1856 194 1907 ut
209 1845 341 1924 solebas,
363 1848 518 1909 intentione
537 1851 579 1910 rei
596 1849 738 1910 familiaris
753 1848 901 1909 obeundae
919 1851 1027 1912 crebris
1041 1867 1079 1910 en·

92 1931 269 1991 cursionibus
284 1928 433 1991 avocatis?
455 1933 531 1993 Sile
549 1928 716 2012 possident,
736 1932 808 1992 felix
823 1933 985 2013 beatusque
1000 1953 1045 2002 es;
1062 1931 1101 1993 siit

66 2016 193 2092 dminus,
209 2033 280 2074 unus
296 2033 333 2073 ex
347 2015 451 2076 multis.
486 2014 559 2088 Quin
571 2025 601 2075 tu
617 2017 745 2095 (tempus
761 2025 806 2076 est
821 2016 911 2095 enim)
927 2016 1045 2077 humiles
1059 2023 1080 2075 et

89 2098 217 2160 sordidas
243 2116 324 2158 curas
345 2097 407 2160 aliis
424 2099 538 2160 mandas
560 2109 589 2160 et
609 2102 674 2179 ipse
694 2109 723 2160 te
742 2101 769 2159 in
792 2099 849 2159 alto
864 2101 920 2160 isto
938 2103 1080 2180 pinguique

90 2202 211 2244 secessu
232 2182 332 2242 studiis
352 2179 482 2242 adseris?
504 2182 567 2242 lloc
590 2185 626 2244 sit
647 2184 793 2260 negotium
809 2193 902 2261 tumn,
920 2183 979 2245 hoc
995 2187 1081 2260 otium,

89 2265 136 2325 bic
152 2265 250 2342 labor,
266 2264 338 2323 hacc
356 2265 453 2342 quies:
473 2266 501 2323 iu
516 2265 560 2325 bis
578 2265 691 2344 vigilia,
707 2268 736 2326 in
752 2267 795 2327 his
813 2270 896 2326 etiam
915 2287 1031 2330 somnus
1045 2285 1080 2327 re·

67 2357 217 2425 lponatur.
253 2345 368 2423 Effinge
393 2346 498 2426 aliquid
517 2358 545 2409 et
565 2350 675 2410 excude
694 2349 771 2429 quod
794 2351 831 2411 sit
849 2351 1101 2431 perpetuassent

88 2429 160 2490 Nam
174 2430 284 2508 reliqua
300 2447 394 2489 rerum
410 2439 518 2491 tuarum
532 2443 598 2511 post
612 2442 641 2494 te
656 2434 739 2493 alium
753 2441 837 2513 atque
853 2433 938 2494 ulium
952 2436 1083 2497 dominun

89 2515 254 2591 sortientur,
269 2512 326 2573 boc
342 2531 489 2593 numquam
500 2525 577 2576 tuum
590 2518 701 2578 desinet
714 2537 793 2595 esse,
811 2519 836 2579 si
848 2520 939 2580 semel
952 2520 1081 2600 coeperit.

66 2597 160 2661 etSoio
179 2615 263 2676 quem
277 2598 415 2675 animum,
438 2599 514 2677 quod
529 2599 627 2661 borter
640 2601 791 2679 ingenium.
822 2601 864 2661 'lu
879 2603 965 2663 modo
983 2605 1083 2665 enitere

88 2692 118 2742 ut
133 2683 183 2744 tibi
199 2683 263 2760 ipse
278 2681 318 2742 sis
333 2681 401 2740 tanti
418 2685 512 2760 quanti
522 2684 667 2745 videberis
679 2683 740 2744 aliis
758 2686 783 2746 si
798 2686 848 2746 tibi
864 2686 964 2748 fueris.
996 2686 1072 2747 Vale.

555 2815 620 2877 1111.
1088 2761 1101 2815 Β

225 2912 252 2963 o.
269 2914 395 2965 ruimus
412 2914 576 2966 concursu
593 2915 775 2966 cannarum:
795 2915 909 2967 soouur
926 2918 952 2972 s,

63 3023 79 3076 1
153 3010 293 3084 Quantum
310 3014 454 3093 copiarum
469 3017 498 3075 in
514 3014 702 3093 Ocriculano,
717 3016 746 3074 in
761 3012 928 3095 Namieusi,
945 3019 974 3078 in
990 3014 1084 3079 Carsu·

86 3095 163 3173 lano,
179 3097 207 3155 in
222 3095 358 3157 Perusino
374 3097 437 3158 tuo!
462 3100 490 3158 in
506 3096 655 3158 Narniensi
674 3116 745 3159 vero
761 3100 845 3159 etiam
864 3098 1014 3162 balineum.
1044 3097 1084 3160 lix

86 3178 218 3260 epistulis
239 3181 310 3240 meis
332 3180 410 3259 (nam
432 3183 486 3241 iam
505 3183 560 3243 tuis
578 3200 650 3261 opus
665 3200 721 3242 nou
739 3184 799 3262 cst)
816 3200 869 3241 una
884 3182 932 3243 illa
948 3185 1044 3246 brevis
1059 3185 1101 3242 ett

61 3275 169 3326 duetus
188 3263 303 3326 suflicit.
338 3262 403 3323 Non
420 3282 465 3324 me
484 3264 609 3327 Hercule
624 3274 680 3327 tam
694 3284 757 3326 mea
771 3275 928 3347 suntquae
944 3287 1008 3328 mea
1024 3273 1082 3328 sunt

86 3368 169 3428 quam
183 3367 255 3428 qnae
272 3357 332 3408 tua:
350 3347 406 3406 boc
418 3355 511 3408 tamen
529 3348 676 3428 differunt,
696 3351 772 3429 quod
788 3349 939 3412 sollicitius
956 3361 985 3412 et
1000 3354 1081 3412 inten-

59 3434 141 3496 3tius
160 3436 201 3495 tui
215 3450 262 3491 me
280 3448 363 3509 quam
377 3432 432 3490 mci
446 3433 598 3510 excipiunt.
618 3432 698 3495 ldem
711 3433 835 3495 fortasse
849 3437 965 3496 eueniet
982 3436 1047 3513 tibi,
1060 3429 1081 3493 si
