2400 3840
511 167 544 232 0.
564 167 662 232 rudi

563 320 613 383 111.
753 368 755 372 .

389 422 415 475 c,
433 421 558 473 nmmos
575 421 663 473 vnno
681 421 742 473 suo

62 543 75 596 ι
148 522 257 586 Gratias
278 541 332 601 ago
355 525 432 603 quod
452 521 577 601 agellum
596 541 680 602 quem
696 524 799 585 nutrici
819 541 902 586 meae
923 523 1086 597 donaveram

86 606 237 669 colendum
249 609 413 685 suscepisti.
432 605 512 685 Erat,
531 625 593 667 cum
609 606 752 685 donarem,
771 617 886 669 contum
897 608 1005 668 milium
1015 625 1085 669 nnm-

84 709 175 752 mum:
196 701 299 773 postea
321 691 525 752 descrescente
542 689 634 751 reditu
649 691 733 750 etiam
747 693 870 770 pretium
881 693 999 770 minuit,
1015 691 1106 772 qoodt

62 793 163 845 annno
181 786 212 837 to
235 784 351 836 curante
368 775 520 854 reparabit.
549 772 590 833 Tu
611 772 696 834 modo
716 777 879 836 memineris
900 775 1086 837 commendari

86 862 138 921 tibi
150 879 166 920 a
177 879 222 921 me
238 877 294 920 non
307 859 424 918 arbores
442 866 472 917 et
486 866 605 935 terram,
622 875 788 937 quamquam
801 858 876 919 baec
890 877 1026 939 quoque,
1039 858 1087 920 sed

86 943 283 1006 munusculum
301 959 408 1009 meum;
432 941 508 1019 quod
529 959 596 1001 esse
617 959 698 1020 quam
712 941 973 1004 fructuosissimum
989 961 1046 1004 non
1058 943 1087 1002 ii-

86 1026 141 1088 iius
156 1028 244 1104 magis
260 1029 378 1085 interest
390 1041 462 1101 quae
479 1026 592 1103 accepit
607 1042 689 1102 quam
702 1043 766 1085 mea
781 1028 830 1105 qui
844 1026 921 1087 dcdi.
954 1026 1037 1087 Vale.

551 1171 617 1233 1111.

316 1270 343 1325 c.
363 1270 486 1323 nmmos
505 1271 709 1323 onneunrunn
728 1272 813 1323 suun
832 1273 859 1326 s,

64 1404 78 1457 1
149 1387 306 1468 Numquam
334 1406 396 1450 sum
417 1391 507 1467 magis
535 1388 572 1450 de
597 1389 833 1468 occupationibus
858 1391 930 1451 meis
960 1401 1089 1469 questus,

88 1493 160 1554 quae
187 1493 233 1535 me
258 1492 316 1534 non
337 1482 402 1534 sunt
424 1490 527 1552 passae
548 1481 596 1533 aut
617 1473 849 1551 proficiscentem
873 1483 903 1533 te
929 1473 1089 1538 valitudinis

90 1577 174 1619 causa
187 1559 215 1616 in
230 1555 409 1635 Campaniam
421 1559 558 1634 prosequi
578 1566 625 1617 aut
639 1556 798 1637 proiectam
813 1574 830 1616 e
847 1559 974 1636 vestigio
991 1558 1123 1626 subse-15

64 1644 145 1720 tqui.
167 1638 251 1699 Nunc
262 1641 336 1700 enim
350 1640 504 1719 praecipue
519 1640 601 1700 simul
613 1659 680 1701 esse
692 1641 851 1719 cupiebam,
869 1651 900 1701 ut
916 1641 1010 1704 oculis
1020 1643 1090 1703 meis

91 1722 239 1784 crederem
254 1722 322 1800 quid
335 1722 454 1799 viribus,
473 1724 539 1800 quid
554 1723 727 1801 corpusculo
743 1723 908 1804 adparures,
924 1726 1032 1805 ecquid
1044 1726 1090 1786 de·

89 1809 174 1885 nique
196 1823 332 1867 secessus
353 1805 507 1884 voluptatis
527 1809 712 1887 regionisque
735 1806 929 1868 abundantiam
952 1810 1091 1872 inodcnsa

64 1890 304 1953 stransmitteres.
324 1887 465 1969 Equidem
481 1892 565 1951 etiam
581 1892 684 1953 fortem
701 1900 729 1952 te
749 1909 807 1952 non
820 1893 881 1952 sine
897 1911 966 1953 cura
980 1893 1091 1954 deside·

87 1991 194 2043 rarem;
217 1981 262 2034 est
283 1975 357 2034 enim
374 1991 545 2052 suspensum
566 1985 596 2036 et
616 1977 727 2036 amrium
748 1976 784 2035 de
799 1993 835 2036 eo
853 1994 939 2054 quem
953 1979 1127 2039 ardentis-tt)

65 2059 161 2120 ssime
181 2056 282 2135 diligas
297 2059 436 2120 interdum
458 2058 525 2118 nihii
549 2060 639 2119 scire:
659 2078 735 2119 nunc
752 2077 823 2119 vero
845 2077 891 2129 me
909 2079 975 2121 com
989 2062 1090 2123 absen-

89 2146 144 2204 tiae
159 2151 217 2202 tum
232 2143 398 2205 infirmitatis
413 2152 477 2203 tuae
492 2143 563 2202 ratio
578 2144 686 2204 incerta
700 2153 730 2204 et
742 2145 819 2203 varia
831 2142 1027 2206 sollicitudine
1043 2163 1090 2206 cx-

90 2237 187 2287 terret.
210 2226 323 2286 Vereor
335 2229 437 2304 omnia,
449 2227 587 2304 imaginor
598 2229 700 2305 omnia,
712 2244 842 2305 quaeque
852 2237 950 2289 natura
962 2238 1090 2290 metuen-

65 2319 149 2370 tium
165 2319 227 2386 est,
252 2326 286 2368 ea
299 2311 417 2371 maxime
434 2311 501 2369 mibi
522 2327 594 2390 quae
611 2313 729 2371 maxime
745 2312 891 2372 abominor
904 2313 992 2390 iingo.
1025 2313 1091 2387 Quo

88 2394 235 2471 inpensius
255 2410 327 2470 rogo
348 2402 378 2454 ut
398 2396 490 2455 timori
507 2411 573 2454 meo
596 2394 701 2455 cotidie
720 2394 838 2473 singulis
853 2395 901 2454 vel
917 2399 1003 2457 etiam
1018 2397 1129 2460 binistt

89 2475 221 2555 epistulis
245 2475 387 2541 consulas.
419 2475 478 2538 Ero
501 2479 575 2537 enim
590 2481 737 2557 securior,
755 2479 917 2558 dumlcgo,
940 2483 1091 2561 statimque

88 2560 211 2637 timebo,
235 2578 298 2620 cum
315 2560 425 2639 legero.
458 2560 539 2621 Vale.

466 2766 469 2770 Α
571 2711 608 2772 V.

395 2809 421 2859 C.
437 2809 561 2862 PLINIUS
576 2808 659 2860 URSO
677 2809 736 2859 SUO
756 2809 783 2864 S.
1099 2839 1129 2894 34,

64 2923 80 2974 1
153 2913 330 2993 Scripseram
352 2914 478 2974 tenuisse
492 2913 633 2974 Varenum
653 2923 684 2974 ut
703 2913 759 2974 sibi
774 2930 897 2974 evocare
913 2922 1006 2976 testes
1023 2914 1093 2975 lice-

91 3004 151 3064 ret;
179 2997 255 3074 quod
276 2996 405 3076 pluribus
429 3014 567 3076 aequom,
591 2997 757 3076 quibusdam
778 2998 903 3075 iniquom
929 3000 1094 3076 etquidem

91 3080 275 3157 pertinaciter
294 3082 403 3158 meum,
428 3083 547 3142 maxime
569 3079 675 3140 Licinio
691 3078 814 3160 Nepoti,
835 3083 884 3158 qui
899 3085 1033 3160 sequenti
1047 3100 1093 3143 se-

91 3171 168 3241 natu,
185 3179 249 3222 cum
263 3163 299 3222 de
313 3164 400 3224 rebus
415 3163 476 3225 aliis
490 3166 662 3241 referretur,
688 3164 723 3224 de
745 3165 873 3244 proximo
888 3174 1004 3226 senatus
1025 3181 1093 3227 con·

64 3247 167 3308 bonito
193 3244 326 3306 disseruit
349 3247 507 3328 finitamque
528 3264 641 3308 causam
667 3251 839 3309 retractavit.
869 3247 985 3310 Addidit
1008 3252 1133 3315 etiamst

91 3329 244 3409 petendum
261 3347 277 3390 a
300 3331 462 3392 consulibus
482 3343 513 3392 ut
533 3330 675 3392 referrent
695 3334 749 3393 sub
769 3331 901 3411 exemplo
915 3333 991 3412 legis
1006 3334 1094 3394 umbi·

90 3423 136 3474 tus
152 3413 187 3474 de
202 3411 269 3492 lege
289 3414 523 3494 repetundarum,
548 3433 583 3474 an
598 3414 727 3492 placeret
743 3418 906 3478 infuturum
922 3417 958 3477 ad
973 3435 1036 3478 eam
1051 3417 1094 3479 lc·
