2400 3840
296 205 559 281 anrsrutnauu
573 218 715 274 as--so
729 210 894 289 [un-uo]
1037 211 1120 274 211.

91 359 163 418 tinet
178 359 322 438 inquirere
342 379 460 440 quorum
479 362 549 423 vitio
570 362 607 424 ad
626 363 683 423 hoc
703 372 816 444 tempus
832 373 936 424 tantam
951 365 1099 444 pecuniam

90 440 318 505 Nicomedenses
334 443 524 524 perdiderint,
546 465 600 525 ne,
624 446 689 507 dum
704 447 777 508 inter
792 467 825 509 se
839 448 1048 527 medicantur,
1070 458 1099 510 et

90 525 286 589 inchoanerint
299 545 390 608 aquae
404 527 506 590 ductus
522 539 552 591 et
568 530 745 610 reliquerint.
779 531 856 605 Quid
877 534 974 611 itaque
988 548 1097 612 coupe-

90 611 163 673 reris
178 611 277 692 perier
292 613 321 672 in
335 613 460 674 notitiam
474 631 574 674 meam.

418 744 590 809 xxxvun.
614 746 768 828 [xuvruq

314 845 340 897 C.
359 847 486 900 PLINIUS
504 847 648 899 TRAIANO
665 849 877 905 IMPERATORI.

154 947 317 1029 Theatrum,
330 950 453 1028 domine,
466 949 593 1014 Nicaeae
603 954 723 1014 maxima
733 955 788 1014 iarn
798 963 880 1034 parte
890 962 1122 1032 constructum,1

90 1034 281 1113 inperfectum
301 1045 411 1113 tamen,
433 1039 613 1115 sestertium,
636 1046 668 1097 ut
687 1038 789 1116 audio,
812 1038 1011 1117 (nequeenim
1025 1039 1097 1098 ratio

47 1119 82 1174 10
92 1118 180 1198 [plus]
196 1137 321 1181 excussa
335 1121 396 1199 est)
415 1120 535 1200 amplius
553 1123 664 1183 centies
683 1122 790 1184 hausit:
811 1140 917 1183 vereor
930 1141 967 1182 ne
983 1121 1095 1183 frustra.

91 1201 257 1280 Ingentibus
271 1205 346 1263 enirn
360 1206 438 1264 rimis
456 1204 606 1267 descendit
621 1215 650 1267 et
669 1205 745 1284 hiat,
767 1208 829 1268 sive
851 1207 879 1266 in
901 1224 987 1266 causa
1005 1205 1122 1270 solumi

90 1287 213 1347 umidum
226 1296 256 1347 et
268 1286 367 1364 molle,
383 1289 446 1350 sire
460 1288 533 1369 lapis
547 1292 612 1367 ipse
626 1290 743 1367 gracilis
759 1299 789 1351 et
803 1290 908 1369 putris:
924 1289 1038 1368 dignum
1051 1300 1096 1352 est

91 1381 171 1432 certe
196 1370 401 1432 deliberatione
428 1373 502 1433 sitne
527 1371 687 1434 lacIendum
707 1391 742 1434 an
766 1374 803 1435 sit
823 1372 1040 1452 relinquendum
1062 1391 1096 1434 an

91 1458 175 1517 etiam
198 1455 409 1517 destmendum.
449 1455 521 1516 llam
541 1455 663 1518 lulturae
684 1474 719 1517 ac
740 1457 970 1518 substructiones
992 1457 1095 1535 quibus

48 1545 82 1599 15
92 1539 211 1602 subinde
228 1540 383 1618 suscipitur
397 1556 455 1600 uon
474 1547 530 1600 tarn
547 1540 643 1600 lirmae
666 1540 733 1600 mihi
753 1558 836 1620 quam
857 1549 1040 1619 sumptuosae
1054 1542 1096 1600 vi·

90 1624 200 1685 dentur.
222 1622 296 1683 Huic
311 1623 423 1683 theatro
435 1641 473 1685 ex
486 1625 660 1703 privatorum
675 1623 927 1702 pollicitationibus
943 1622 1030 1684 multa
1044 1623 1119 1686 de·3

89 1709 208 1783 bentur,
232 1717 262 1767 ut
283 1706 418 1768 basilicae
436 1708 529 1786 circa,
552 1717 582 1768 ut
603 1710 731 1788 porticus
752 1726 838 1788 supra
858 1726 982 1769 caveam.
1014 1706 1094 1779 Quae

89 1811 163 1852 nnnc
179 1793 271 1852 omnia
286 1791 452 1852 diffemntur
467 1801 599 1854 cessante
617 1809 653 1854 eo
669 1791 745 1871 quod
756 1801 820 1853 ante
833 1791 1028 1871 peragendum
1038 1801 1093 1852 est.

91 1875 180 1935 Iidem
195 1874 373 1937 Nicaeenses
387 1876 562 1953 gymnasium
574 1876 707 1937 incendio
724 1877 856 1937 amissum
868 1885 934 1937 ante
945 1875 1121 1939 adventum4

47 1961 183 2019 bomeum
198 1960 351 2020 restituere
367 1968 536 2039 coeperunt,
555 1958 642 2039 longe
656 1961 834 2020 numerosius
849 1959 999 2039 laxiusque
1013 1978 1095 2038 quam

89 2045 198 2120 luerat,
221 2051 250 2102 et
270 2044 325 2102 iam
343 2041 517 2121 aliquantum
537 2053 745 2122 erogavemnt,
761 2043 919 2122 periculum
935 2053 980 2104 est
993 2061 1030 2102 nc
1045 2059 1095 2122 pa·

89 2146 150 2188 rum
164 2125 284 2195 utiliter;
299 2127 511 2204 iuconpositum
526 2129 641 2188 enimet
655 2144 783 2206 sparsum
798 2134 853 2186 est.
885 2124 1037 2186 Praeterea
1052 2129 1095 2185 ar·'

91 2212 245 2288 chitectus,
261 2227 329 2271 saue
345 2209 474 2271 aemulus
491 2211 553 2272 eius
572 2228 661 2290 aquo
678 2228 751 2288 opus
767 2209 928 2270 inchoatum
941 2218 997 2286 est,
1013 2208 1094 2269 adlin-

89 2305 146 2355 mat
169 2296 295 2375 parietes
312 2311 479 2374 quamquam
498 2295 599 2373 viginti
621 2304 650 2355 et
676 2294 747 2355 duos
770 2292 861 2374 pedes
879 2294 952 2354 latos
972 2294 1096 2373 inposita

46 2388 81 2440 te
90 2397 177 2440 onera
192 2381 333 2440 sustinere
348 2395 405 2438 non
423 2395 530 2457 posse,
549 2381 615 2458 quia
629 2379 685 2439 sint
701 2387 848 2439 caemento
862 2378 948 2439 medii
962 2377 1025 2438 farti
1040 2394 1095 2437 nec

89 2473 219 2524 testaceo
234 2479 324 2541 opere
338 2464 504 2542 praecincti.
527 2459 764 2543 Claudiopolitani
781 2479 895 2542 quoque
910 2463 939 2522 in
954 2461 1120 2542 depressos

89 2546 167 2624 loco,
185 2549 338 2608 inminente
353 2549 436 2624 etiam
450 2556 557 2626 monte,
574 2548 676 2625 iugens
691 2547 833 2608 balineum
848 2546 995 2608 deludiunt
1004 2547 1094 2624 magis

91 2649 174 2709 quam
193 2632 358 2710 aedificant,
384 2640 414 2691 et
433 2630 548 2710 quidem
564 2649 601 2690 ex
615 2649 649 2692 ea
665 2634 786 2711 pecnnia
800 2647 884 2710 quam
896 2631 1032 2691 buleutae
1047 2628 1095 2690 ad·

90 2714 141 2775 diti
162 2715 303 2776 beneficio
323 2725 373 2775 tuo
394 2724 442 2775 ant
460 2716 515 2774 iam
537 2715 701 2776 obtulemnt
720 2717 757 2776 ob
782 2716 925 2775 iutroitum
945 2723 993 2775 aut
1011 2712 1095 2773 uobis

46 2810 81 2866 30
90 2800 270 2876 exigentibus
286 2799 446 2861 conferunt.
480 2797 561 2876 Ergo
583 2817 647 2859 cnm
662 2801 776 2859 timeam
790 2817 827 2858 ne
841 2797 900 2858 illic
914 2796 1030 2876 publica
1044 2805 1121 2874 pc·6

90 2884 190 2963 cunia,
213 2883 278 2962 bic,
302 2883 380 2964 qnod
394 2892 440 2943 est
462 2884 538 2943 omni
557 2885 680 2962 pecunia
699 2883 870 2961 pretiosius,
897 2898 996 2942 munus
1017 2888 1095 2939 tunm

88 2966 162 3027 male
183 2968 371 3045 conlocetur,
395 2983 486 3044 cogor
505 2975 608 3046 petere
628 2984 644 3027 a
666 2975 697 3027 te
718 2980 775 3026 non
796 2963 889 3027 solum
904 2964 941 3024 ob
955 2964 1095 3024 theatrum

88 3067 188 3111 vemm
202 3053 286 3112 etiam
303 3053 341 3113 ob
364 3051 438 3113 haec
461 3048 572 3112 balinea
589 3053 681 3112 mittas
701 3049 887 3113 architectum
902 3047 1095 3128 dispecturum

88 3143 180 3195 utrum
202 3135 240 3195 sit
260 3134 356 3197 utilius
375 3144 442 3214 post
465 3145 608 3215 sumptum
629 3136 677 3214 qui
698 3136 792 3196 lactas
816 3141 862 3194 est
877 3131 1095 3212 quoquomodo

45 3227 79 3282 35
90 3235 285 3281 consummare
300 3237 407 3298 opera,
423 3228 454 3280 ut
468 3219 600 3281 inchoata
616 3228 697 3297 sunt,
718 3236 753 3279 an
768 3232 841 3296 quse
854 3215 985 3277 videntur
1000 3234 1095 3277 emen-

89 3303 179 3364 danda
193 3305 358 3381 corrIgcre,
383 3320 456 3381 quae
471 3304 667 3365 transferenda
681 3300 854 3378 transferre,
876 3319 929 3378 nc,
952 3300 1017 3360 dnm
1035 3315 1095 3359 scr·

87 3404 155 3448 vare
171 3388 304 3449 volumus
321 3385 398 3466 quod
412 3387 563 3464 inpensum
578 3397 639 3464 est,
663 3384 736 3448 male
754 3385 940 3464 inpendamus
957 3382 1036 3463 quod
1048 3381 1096 3442 ad·

90 3469 211 3531 dendum
226 3482 281 3533 est.

869 3549 932 3613 14*
