2400 3840
110 168 153 232 50
532 164 565 227 0.
587 163 684 226 PLlNl

84 323 215 397 oiacent,
226 328 327 378 venter
338 318 469 378 recessit.
487 318 514 378 A
527 327 611 395 tergo
623 336 738 397 quoque
750 318 851 379 eadem
862 326 942 381 aetas
952 329 986 380 nt
994 336 1011 381 a
1020 328 1111 398 tergo.

110 404 169 464 bes
177 404 280 481 ipsum,
294 410 426 480 quantum
436 419 523 462 verus
537 402 618 463 color
628 402 742 479 indicat,
755 410 839 463 vetus
854 410 885 463 et
898 404 1052 482 aanuurn.
1063 402 1103 464 Ta

110 487 147 547 lia
161 487 284 565 denique
303 486 395 545 omnia
407 493 438 545 nt
449 487 562 564 possint
574 485 711 547 artificum
724 483 955 564 oculos-tenere,
971 485 1113 549 delectare

85 571 312 649 limpcritorum.
346 568 495 643 Quodne
518 587 684 649 quamquam
704 568 875 633 tirunculum
896 568 1063 633 sollicitavit
1081 571 1113 633 ad

111 653 268 715 emendum.
291 651 354 714 ani
371 663 482 731 autem,
497 671 554 715 aon
567 663 597 715 ut
611 653 746 715 haberem
763 651 839 715 donni
854 653 967 734 (neque
985 656 1062 717 euim
1075 655 1134 723 aba

110 736 168 798 lum
182 738 273 799 adbuc
289 734 462 799 Corinthium
476 737 550 798 domi
567 736 696 815 habeo),
715 755 814 797 verum
827 745 858 799 ut
872 738 903 799 in
915 740 1009 817 patria
1021 748 1114 801 nemra

84 821 220 883 ocelcbri
233 820 300 883 loco
319 840 467 900 ponerem,
482 838 516 881 ac
533 822 711 900 potissimum
724 823 753 881 in
766 819 843 882 loris
857 820 984 901 templo:
1006 821 1114 884 videtu

111 908 185 969 enim
201 907 315 985 (lignum
329 904 456 983 templo,
478 903 592 982 (lignum
606 904 662 965 deo
679 903 791 965 donum.
824 903 866 965 'l'u
883 922 975 984 emo,
992 915 1024 967 ut
1038 906 1113 971 solea

111 993 203 1051 omnia
219 1007 323 1069 quasa
340 1006 386 1048 me
401 988 451 1048 tibi
468 988 663 1066 iniungantur,
684 990 801 1068 suscipe
816 989 889 1051 banc
906 998 1051 1055 ouramet
1064 992 1113 1051 iam

110 1091 184 1132 nunc
195 1074 262 1132 iube
273 1072 362 1131 basim
374 1071 446 1147 fieri,
458 1089 495 1131 ex
506 1087 562 1149 quo
573 1071 656 1132 voles
662 1089 810 1149 marmore,
823 1090 896 1151 quac
907 1089 1014 1136 nomen
1023 1077 1147 1135 meunlt

85 1156 293 1233 fihonoresque
313 1155 422 1233 capiat,
438 1156 463 1214 si
479 1154 532 1215 bos
551 1173 665 1234 quoque
683 1156 796 1236 putabis
810 1155 967 1218 addendos.
999 1157 1065 1236 Ego
1079 1159 1113 1219 ei·
1188 1166 1190 1203 Ξ

112 1258 198 1317 gnum
216 1241 325 1317 ipsum,
348 1247 378 1299 nt
399 1239 517 1317 primurn
538 1240 675 1300 invenero
695 1239 818 1318 aliquem
831 1241 879 1319 quui
896 1257 954 1301 non
969 1250 1112 1321 gravetur,

110 1325 215 1384 mittam
232 1323 299 1400 tibi,
321 1321 368 1383 vel
387 1323 468 1402 ipse,
492 1321 568 1403 quod
584 1325 688 1400 mavis,
711 1322 836 1385 adieram
848 1341 971 1385 mecum.
996 1324 1112 1387 Destino

88 1409 201 1485 tenim,
218 1409 346 1468 si-tamen
361 1406 448 1467 officii
462 1410 533 1471 ratio
547 1408 725 1486 permiserit,
743 1412 898 1471 excurrere
914 1409 981 1469 isto.
1004 1407 1113 1471 &udos

111 1491 186 1572 qnod
200 1511 247 1553 me
261 1501 408 1553 venturum
420 1510 487 1552 esse
501 1490 652 1571 polliceor,
664 1491 717 1554 sed
732 1491 884 1559 contrahes
897 1490 1035 1570 lrontsrn,
1053 1497 1146 1555 comit

110 1576 243 1637 adiecero
257 1574 293 1635 ad
310 1592 418 1654 paucos
433 1574 509 1635 dies:
530 1591 625 1652 neque
639 1576 712 1635 enim
723 1574 827 1637 diutius
838 1576 943 1637 abesse
954 1594 1003 1638 me
1018 1575 1113 1638 eadem

110 1659 182 1719 baec
198 1676 269 1738 quae
286 1659 409 1718 nondum
424 1658 503 1719 exire
517 1660 667 1737 patiuntur.
700 1658 780 1719 Vale.

578 1791 641 1851 Vll.

338 1890 365 1943 o.
386 1889 512 1942 mimus
530 1891 657 1942 caurum
677 1890 761 1943 auro
778 1889 838 1944 suo
859 1875 888 1947 s.
1118 1919 1146 1972 ω

85 2005 99 2056 1
166 1989 252 2052 lllodo
269 1988 411 2054 nuntiatos
426 2002 471 2052 est
487 1993 573 2054 Silius
585 1992 700 2054 Italicus
711 1995 739 2053 in
752 1991 942 2072 Neapolitano
957 2011 1013 2055 suo
1024 1993 1112 2055 inedia

84 2078 207 2141 uenisse
222 2079 317 2138 vitam.
338 2075 429 2139 Causa
442 2079 541 2138 mortis
552 2076 697 2138 valetudo.
716 2075 784 2140 llrat
798 2076 839 2137 illi
855 2086 937 2145 natus
951 2077 1114 2143 insanabilis

111 2161 226 2239 clavus,
249 2162 330 2222 cuins
348 2160 443 2222 taedio
463 2161 498 2222 ad
514 2169 635 2222 mortem
651 2161 836 2223 inrevocabili
854 2163 1014 2224 constantia
1028 2161 1111 2224 ‹lecu-

111 2247 206 2319 currit,
222 2261 314 2322 usque
330 2243 366 2303 ad
380 2262 541 2322 supremum
553 2243 628 2304 diem
641 2245 742 2307 beatus
760 2254 790 2306 et
806 2244 888 2322 felix,
903 2245 959 2307 nisi
971 2245 1050 2324 quod
1063 2246 1111 2305 mi·

109 2344 208 2387 norem
222 2345 260 2386 ex
275 2326 374 2386 liberis
388 2326 498 2388 duobus
513 2329 614 2406 amisit,
629 2327 682 2389 sed
693 2330 827 2391 maiorem
838 2326 1047 2409 melioremque
1062 2328 1145 2390 llo-be

84 2420 220 2475 arentem
231 2418 317 2489 atque
332 2411 415 2471 etiam
431 2410 608 2479 consularem
621 2411 745 2491 reliquit.
768 2411 902 2475 Laeserat
916 2411 1020 2475 lamam
1035 2431 1112 2476 suam

111 2494 164 2555 sub
172 2492 298 2571 Nerone,
312 2491 482 2555 credebatur
492 2504 596 2575 sponte
606 2513 778 2566 accusasse:
792 2495 845 2560 sed
851 2498 879 2557 in
885 2495 985 2557 Vitelli
992 2498 1112 2559 amicitia

110 2579 254 2657 sapienter
268 2596 302 2638 se
319 2586 348 2637 et
361 2580 480 2639 comiter
492 2588 633 2657 gesserat,
646 2596 684 2639 ex
689 2579 892 2659 proconsulatu
898 2579 986 2640 Asiae
993 2579 1112 2658 gloriam

108 2671 315 2742 reportaverat,
330 2661 467 2722 maculam
479 2665 586 2723 veteris
597 2661 748 2724 industriae
762 2662 894 2724 laudabili
902 2665 962 2724 otio
975 2663 1110 2725 abluerat.

83 2745 173 2809 ‹lFuit
186 2749 260 2807 inter
273 2748 419 2826 principes
431 2748 554 2808 civitatis
565 2748 627 2807 sine
640 2750 785 2826 potentia,
798 2748 861 2807 sine
874 2747 993 2808 invidia:
1009 2748 1148 2817 saluta-eo

109 2830 200 2908 batur,
215 2830 373 2907 colebatur,
388 2829 561 2909 multumque
573 2833 602 2890 in
614 2829 720 2891 lectulo
734 2833 830 2894 iacens
846 2829 981 2893 cubiculo
996 2848 1111 2910 semper

109 2930 166 2972 non
178 2931 216 2973 ex
226 2914 337 2975 fortuna
344 2914 486 2993 frequenti
493 2914 665 2976 doctissimis
671 2913 918 2982 sermonibusclies
924 2915 1110 2994 emergebat,

83 3007 175 3057 ecum
189 3014 205 3056 a
221 2997 372 3065 scribendo
386 3007 510 3059 vacaret.
532 2997 814 3061 Scribebat-carmina
827 3000 934 3059 maiore
950 3015 1018 3067 cura
1029 3015 1112 3079 quam

108 3080 235 3156 ingenio,
251 3097 465 3160 nonnumquam
479 3080 580 3142 iudicia
595 3082 736 3143 hominnm
747 3083 964 3151 recitationibus
979 3084 1110 3164 sapeno-

83 3164 199 3228 ebatur.
221 3161 382 3224 Novissime
393 3167 431 3226 ita
442 3166 627 3227 suadentibus
639 3167 718 3228 annis
732 3167 768 3227 ab
782 3166 1003 3244 arbesecessit,
1020 3170 1145 3246 sequela

109 3250 137 3308 in
153 3246 304 3325 Campania
320 3251 425 3325 tenuit,
447 3267 480 3309 ac
494 3267 530 3310 ne
543 3249 666 3310 adventu
681 3250 795 3330 quidem
810 3251 877 3311 novi
891 3251 1033 3330 principis
1044 3249 1108 3311 inula

84 3338 267 3395 tconmotus
280 3341 333 3391 est.
357 3330 458 3408 llagna
471 3328 602 3395 Caesaris
612 3332 684 3412 laus,
702 3335 825 3414 subque
839 3335 896 3396 boc
911 3333 1035 3405 liberum
1045 3333 1108 3411 luit,

110 3433 209 3493 magna
223 3413 315 3493 illius,
335 3417 383 3494 qui
399 3415 453 3476 bac
467 3415 597 3479 libertate
612 3435 696 3478 ausus
715 3427 759 3479 est
775 3420 825 3479 uti.
845 3417 914 3481 Erat
928 3413 1113 3496 malaxatus,

1054 3671 1095 3765 *a
