2400 3840
190 185 192 189 ’
301 200 563 264 arrarumnuu
576 212 719 266 ιιι-ιι.
734 203 898 282 [ιι-ιι]
1038 199 1102 265 aaa

508 353 595 416 xm.
619 353 686 433 [ιι]

428 453 593 506 TRAIANUS
610 453 715 504 PLINIO
734 452 760 503 S.

160 557 260 619 Potest
273 575 327 618 nos
340 556 496 618 sollicitare
511 557 592 618 lanus
608 558 680 634 iste,
702 564 734 615 ut
749 557 925 617 committere
941 555 1019 616 illurn
1033 557 1102 615 mari

97 642 236 702 velimus:
260 641 314 703 sed
335 641 419 719 plane
441 640 644 720 explorandum
660 649 706 701 est
725 639 877 718 diligenter
893 659 941 719 ne,
957 642 981 702 si
998 640 1102 701 demis·

73 733 147 787 esus
163 725 380 805 inmareinerit,
397 734 473 787 totus
482 726 591 802 eiiluat,
609 733 689 785 certa
702 734 833 802 quantum
843 741 977 802 aquarum
988 733 1018 786 et
1027 722 1102 784 unde

97 812 231 889 accipiat.
252 809 365 870 Poteris
379 827 396 869 a
411 807 566 888 Calpurnio
580 807 678 868 llaero
690 818 792 887 petere
804 806 979 885 libratorem,
998 817 1028 868 et
1044 824 1101 883 ego

96 895 162 954 hino
177 894 300 972 aliquem
315 894 367 954 tihi
380 896 502 973 peritum
517 891 656 955 eiusmodi
668 909 787 971 opernm
801 894 915 955 mittam.

498 1042 599 1103 xnun
619 1040 701 1120 [ιιι]

56 1154 89 1206 10
251 1186 253 1190 ,
313 1142 340 1196 o.
361 1141 487 1194 nmmos
508 1142 653 1195 ramnuo
672 1141 882 1196 IMPERATORI.

157 1263 323 1342 Requirenti
346 1264 413 1324 mihi
432 1265 630 1340 Byzantiorum
649 1267 692 1326 rei
712 1263 845 1344 publieae
858 1262 1006 1342 inpendia,
1029 1278 1126 1340 quael

97 1350 217 1408 maxima
235 1348 320 1425 iacit,
341 1348 492 1408 indicatum
508 1358 569 1426 est,
591 1348 720 1425 domine,
742 1347 867 1425 legatum
885 1345 921 1406 ad
935 1355 965 1407 te
980 1344 1101 1407 salutan-

98 1431 163 1492 dum
178 1433 257 1493 annis
278 1432 407 1494 omnihus
430 1450 493 1492 eum
508 1432 702 1512 psephismate
716 1433 786 1492 mitti
806 1433 889 1509 eique
905 1429 962 1489 dari
975 1445 1101 1489 nummo·

97 1535 159 1576 rum
174 1516 304 1577 duodena
319 1516 403 1576 milia.
424 1516 534 1577 Memor
551 1533 622 1594 ergo
639 1517 779 1595 propositi
791 1517 831 1575 tui
845 1514 970 1592 legatum
986 1513 1126 1591 quidemn

58 1600 289 1678 terminandum,
312 1601 477 1681 psephisma
496 1609 590 1661 autem
603 1599 769 1660 mittendum
789 1600 902 1678 putavi,
929 1607 959 1658 ut
974 1595 1101 1660 simulet

98 1694 228 1764 sumptus
245 1684 389 1746 levaretur
403 1693 432 1746 et
446 1684 604 1764 inpleretur
621 1683 766 1763 puhlieum
780 1683 915 1743 officium.
944 1681 1044 1742 Eidem
1060 1684 1127 1748 tri-3

97 1771 177 1829 vitati
193 1771 319 1847 inputata
333 1779 398 1830 sunt
415 1779 495 1830 terna
509 1768 602 1846 milia,
621 1786 693 1848 quae
707 1769 803 1828 viatici
817 1768 931 1827 nomine
947 1785 1038 1828 annua
1053 1766 1101 1826 da·

98 1855 199 1914 bantur
213 1851 310 1930 legato
331 1855 409 1914 eunti
426 1853 461 1914 ad
477 1870 541 1913 enm
556 1855 604 1932 qui
622 1851 751 1914 Moesiae
767 1860 882 1932 praeest
897 1849 1012 1930 publice
1027 1851 1101 1912 salu-

98 1937 219 1997 tandum.
242 1935 322 1997 llaee
336 1956 393 2015 ego
408 1939 436 1997 in
450 1946 597 2016 posterum
612 1936 838 1997 circumcidenda
852 1936 1018 1996 existimavi.
1047 1934 1129 2014 Te,4

54 2025 90 2078 20
99 2020 229 2097 domina,
243 2037 316 2098 rogo
331 2021 443 2099 utquid
458 2022 564 2082 sentias
581 2018 768 2081 rescribendo
783 2029 830 2080 aut
846 2018 995 2080 eonsilium
1009 2037 1102 2081 meum

99 2105 265 2165 confirmare
282 2113 329 2164 aut
344 2122 471 2165 errorem
488 2102 640 2165 emendare
656 2103 793 2181 digneris.

478 2251 592 2313 xuuu.
617 2250 712 2331 [ιιι]

433 2348 598 2401 TRAIANUS
615 2348 721 2400 PLINIO
741 2347 769 2402 S.

55 2458 89 2510 25
160 2452 272 2531 Optime
287 2451 400 2530 fecisti,
415 2451 548 2512 Secunde
563 2453 726 2530 carissime,
745 2450 874 2512 duodena
888 2451 942 2512 ista
958 2452 1100 2528 Byzantiis

98 2555 170 2615 quae
191 2536 225 2596 ad
243 2534 419 2596 salutandum
432 2554 478 2597 me
496 2538 524 2608 in
538 2533 664 2614 legatum
679 2535 906 2615 impendebantur
921 2537 1101 2599 remittendo.

97 2620 297 2698 Perpetuo...
311 2619 356 2681 his
371 2620 509 2700 partibus,
525 2623 581 2682 etsi
595 2620 686 2682 solum
702 2621 866 2700 psephisma
878 2638 931 2699 per
941 2631 971 2681 te
986 2623 1102 2682 missum

97 2703 191 2762 inerit.
224 2703 361 2781 Ignoscet
376 2703 433 2765 illis
451 2714 480 2765 et
493 2703 623 2767 Moesiae
638 2721 775 2783 praeses,
792 2707 817 2766 si
829 2706 919 2765 miuus
933 2704 1012 2764 illum
1027 2721 1102 2765 sum-

98 2796 202 2866 ptuose
218 2786 366 2846 coluerint.

54 2878 89 2932 ³⁰
490 2920 572 2982 xuv.
594 2918 703 3000 [nnn]

324 3018 350 3069 (l.
367 3016 491 3070 PLINIUS
508 3018 652 3070 TRAIANO
671 3017 876 3070 IMPERATORI.

154 3121 332 3202 Diplomata,
360 3120 490 3199 domine,
516 3138 636 3196 quornm
661 3121 723 3183 dies
755 3121 900 3200 praeteriit
926 3139 961 3182 an
987 3122 1102 3182 omnino

96 3205 244 3268 observari
261 3215 290 3266 et
311 3223 393 3284 quam
414 3205 461 3265 diu
478 3204 553 3267 velis
574 3223 648 3283 rogo
669 3206 778 3268 serihas
792 3222 896 3284 meque
913 3205 1101 3268 haesitatione

52 3298 87 3352 35
96 3290 213 3351 liberes.
236 3289 350 3350 Vereor
364 3291 438 3350 enim
451 3308 488 3350 ne
499 3292 527 3349 in
542 3289 704 3351 alterutram
715 3300 825 3370 partem
835 3292 993 3368 ignorantia
1003 3289 1104 3368 lapsus

95 3383 142 3435 aut
157 3374 263 3435 inlicita
280 3373 444 3434 oonfirfflem
459 3384 506 3434 aut
521 3376 686 3435 necessaria
700 3374 850 3455 inpediam.
