2400 3840
306 207 722 276 circumeamus-oc.
736 212 905 291 [on-as]
1040 212 1103 278 aas

474 360 576 422 xcvr.
596 359 734 439 [nomn]

320 477 348 532 C.
368 477 492 529 PLINIUS
509 476 651 529 TRAIANO
669 477 878 532 turmarum.

164 615 309 677 Sollemne
324 624 370 677 est
383 614 466 693 milri,
483 614 612 692 domine,
633 616 725 675 omnia
740 613 894 692 dequibus
909 614 1007 678 dubito
1024 617 1060 678 ad
1074 628 1128 684 tet

75 700 219 762 5reierre.
252 698 323 773 Quis
341 701 416 760 enim
434 709 531 778 potest
551 699 654 760 melius
669 697 717 761 vel
734 699 940 759 cunctationem
954 717 1045 761 meam
1057 720 1103 763 re·

100 803 171 862 gere
187 781 236 844 val
256 783 441 861 ignorantiam
462 780 618 844 extruere?
643 780 859 861 Cognitionibus
879 782 915 842 de
936 781 1102 846 Christianis

100 867 215 929 interlui
229 885 394 946 numquam:
416 867 481 927 ideo
495 868 594 928 neseio
607 865 674 946 quid
690 875 719 927 et
734 875 873 944 quatenus
888 875 936 927 aut
949 867 1043 946 puniri
1056 885 1103 929 so·

101 952 159 1012 leat
173 959 220 1010 aut
238 953 344 1030 quaeri.
365 949 429 1011 Neo
443 950 625 1012 mediocriter
639 949 777 1011 haesitavi
791 950 866 1010 sitne
876 949 992 1029 aliquod
1004 950 1129 1016 dison-2

101 1053 166 1096 men
186 1043 308 1095 aetatum
327 1052 363 1096 an
383 1033 537 1114 quamlibet
558 1034 650 1094 teneri
665 1034 735 1093 nihil
753 1051 771 1094 a
791 1032 1002 1094 robustioribus
1023 1035 1103 1096 dille·

60 1132 93 1185 10
101 1129 173 1197 rant,
189 1117 271 1178 detur
284 1119 474 1198 paenitentiae
487 1120 571 1179 venia
583 1136 619 1179 an
634 1119 661 1178 ei
673 1119 720 1197 qui
734 1118 847 1177 omnino
863 1115 1037 1180 Christianus
1051 1119 1104 1180 luit

103 1202 215 1266 desisse
226 1219 283 1262 non
298 1203 412 1280 prosit,
421 1220 525 1263 nornen
539 1203 643 1281 ipsum,
658 1204 682 1263 si
696 1201 811 1279 flagitiis
828 1212 933 1279 careat,
949 1220 983 1261 au
997 1202 1104 1280 flagitia

103 1286 284 1347 cohaerentia
299 1287 403 1347 nomini
420 1287 577 1366 puniantur.
609 1283 725 1346 lnterim
741 1287 774 1345 in
794 1285 829 1345 iis
851 1285 899 1363 qui
918 1286 954 1345 ad
973 1304 1019 1346 me
1034 1295 1103 1347 tam·

102 1388 186 1449 quam
204 1367 354 1430 Christiani
375 1369 576 1430 deferebantur
595 1369 670 1430 huno
690 1386 753 1430 sum
772 1377 891 1429 secutus
906 1367 1028 1429 modum.
1060 1368 1131 1432 luit

102 1455 246 1532 terrogari
259 1453 340 1531 ipsos
353 1471 387 1513 an
399 1463 497 1514 essent
513 1450 673 1514 Christiani.
697 1450 874 1512 confitentes
889 1453 991 1512 itemm
1001 1471 1035 1513 ac
1047 1461 1103 1513 ter·

59 1539 140 1597 15tio
153 1539 344 1615 interrogavi,
365 1536 537 1616 supplicium
551 1537 685 1596 miuatus:
705 1543 935 1615 perseverantes
943 1536 1008 1596 duci
1023 1537 1102 1597 iussi.

101 1619 204 1700 Neque
222 1623 296 1680 euim
316 1620 491 1698 dubitabam,
515 1619 722 1699 qualecumque
743 1627 824 1681 esset
843 1618 919 1697 quod
936 1618 1102 1698 letarentur,

101 1706 286 1782 pertinaciam
300 1714 381 1766 certe
398 1712 428 1764 et
447 1702 631 1765 inflexibilem
646 1703 865 1764 obstinationem
878 1702 986 1764 debere
1000 1705 1102 1782 puniri.

101 1786 227 1847 Fuerunt
241 1787 288 1848 alii
308 1787 407 1849 similis
427 1789 565 1848 amentiae
580 1805 671 1866 qnos,
693 1789 758 1866 quia
780 1788 859 1847 cives
879 1786 997 1846 Romani
1013 1795 1131 1864 ercnt‚4

102 1871 232 1932 adnotari
251 1872 281 1930 in
301 1871 401 1932 urbem
420 1870 616 1933 remittendos.
652 1868 721 1931 llox
742 1871 806 1949 ipso
827 1879 962 1948 tractatu,
991 1880 1021 1932 ut
1042 1871 1103 1931 ficri

57 1963 94 2015 20
102 1953 195 2033 solet,
218 1953 390 2015 diffundente
405 1973 438 2014 se
459 1955 574 2015 crimme
589 1953 823 2033 plures-species
835 1952 1003 2014 inciderunt.
1034 1952 1129 2016 Pro-5

101 2039 215 2117 positus
233 2046 278 2099 est
295 2035 410 2098 libellus
430 2038 492 2099 sine
510 2047 631 2099 auctore
648 2036 800 2098 multorum
813 2038 925 2097 nomina
944 2037 1102 2098 continens.

103 2121 159 2195 Qui
179 2121 321 2200 negabant
343 2138 411 2182 esse
433 2139 467 2182 se
483 2116 658 2182 Christianos
671 2129 720 2181 aut
733 2120 841 2198 inisse,
864 2138 927 2179 cum
946 2130 1103 2199 praeeunte

102 2223 147 2265 me
163 2203 234 2266 deos
249 2201 428 2284 appellarent
444 2212 473 2265 et
486 2205 600 2282 imagini
616 2212 692 2282 tuae,
709 2222 791 2283 quam
805 2212 925 2282 propter
939 2204 995 2265 hoo
1011 2205 1104 2265 iusse-

102 2307 161 2348 ram
182 2306 246 2348 cum
265 2285 422 2349 simulacris
441 2288 583 2347 numinum
597 2287 718 2367 adferri,
747 2296 810 2348 ture
830 2305 865 2349 ac
878 2287 944 2349 vino
959 2285 1103 2367 supplica·

57 2384 92 2436 to
101 2381 176 2451 rent,
191 2380 341 2451 praeterea
355 2369 428 2432 male
445 2371 573 2432 dicerent
585 2368 709 2449 Christo,
727 2388 845 2452 quornm
856 2371 924 2433 nihil
936 2387 1025 2451 posse
1038 2373 1104 2450 cogi

102 2456 233 2516 dicuntur
248 2457 295 2536 qui
309 2463 375 2517 sunt
389 2474 421 2516 re
436 2473 505 2516 vere
516 2453 689 2535 Christiani,
710 2454 889 2517 dimittendos
908 2474 976 2518 esse
997 2459 1102 2535 putavi.

101 2541 158 2601 Alii
173 2542 208 2602 ab
228 2540 322 2601 indice
343 2540 475 2601 nominati
496 2559 617 2602 essese
638 2537 814 2602 Christianos
835 2539 966 2602 dixerunt
987 2549 1017 2602 et
1037 2552 1129 2606 morti

101 2633 290 2700 negaverunt;
310 2623 400 2685 fuisse
422 2623 554 2703 quidem,
576 2623 629 2686 sed
647 2623 776 2702 desisse,
800 2623 911 2704 qnidam
924 2633 990 2686 ante
1003 2623 1104 2704 plures

102 2724 206 2783 annos,
228 2724 285 2766 non
298 2725 383 2767 nemo
396 2709 479 2768 etiam
492 2716 558 2786 ante
572 2710 670 2786 viginti
685 2727 810 2788 quoqne.
839 2706 945 2770 Omnes
962 2716 991 2768 et
1006 2709 1103 2786 imagi·

59 2801 166 2855 bouem
180 2800 256 2850 tuam
277 2789 452 2868 deorumque
472 2790 621 2852 simulacra
640 2793 769 2852 venerati
789 2800 854 2850 sunt
875 2791 917 2868 [ii]
940 2800 969 2851 et
989 2787 1103 2851 Christo

102 2873 176 2934 male
197 2873 336 2935 dixerunt.
371 2872 562 2934 Adfirmabant
582 2883 675 2934 autem
697 2873 771 2934 hanc
791 2872 883 2933 luisse
903 2890 1037 2933 summam
1055 2872 1131 2938 velt

104 2957 205 3036 culpae
225 2974 295 3018 suae
310 2955 359 3016 vel
380 2959 501 3034 erroris,
523 2955 600 3035 quod
616 2965 715 3018 essent
737 2956 815 3019 soliti
831 2965 904 3019 stato
921 2955 967 3016 die
982 2965 1046 3017 ante
1060 2955 1103 3017 lu·

103 3060 167 3102 cem
181 3041 334 3102 convenire
351 3056 522 3122 carmenque
538 3038 652 3102 Christo
667 3042 746 3119 quasi
766 3040 822 3101 deo
836 3039 934 3101 dicere
951 3057 1050 3102 secum
1062 3042 1103 3101 in·

101 3128 212 3204 vicem,
235 3142 327 3205 seque
343 3133 520 3185 sacramento
538 3140 596 3184 non
615 3125 644 3183 iu
665 3124 763 3188 scelus
779 3123 895 3202 aliquod
909 3124 1102 3202 obstringere,

60 3221 94 3275 35
103 3208 155 3270 sed
169 3228 207 3270 ne
219 3208 303 3286 furta,
320 3226 356 3268 ne
366 3207 521 3287 latrocinia,
540 3226 577 3268 ne
588 3207 725 3270 adulteria
736 3210 955 3288 committerent,
970 3227 1008 3269 ne
1019 3209 1104 3269 iidem

102 3292 251 3370 fallerent,
268 3311 305 3352 ne
321 3291 484 3370 depositum
500 3291 636 3371 appellati
649 3293 840 3371 abnegarent:
862 3293 964 3372 quibus
977 3291 1103 3371 peractis

102 3392 211 3439 morena
225 3375 280 3437 sibi
294 3373 460 3436 discedendi
476 3375 577 3454 luisse,
594 3393 751 3454 rursusque
765 3375 801 3436 ad
815 3376 983 3458 capiendum
998 3374 1102 3452 cibum,

102 3462 294 3540 promiscuum
313 3468 407 3522 tamen
428 3468 458 3521 et
476 3460 631 3531 innoxium
660 3459 737 3539 quod
757 3461 849 3542 ipsum
870 3460 969 3522 lacere
990 3458 1104 3521 desisse
