2400 3840
354 210 615 273 EPISTULARUM
629 213 719 273 Vllll.
744 225 768 277 1.
784 226 810 276 2.
1037 215 1096 279 175

94 363 252 423 deformius
279 362 407 423 amittere
436 381 517 441 quam
540 383 597 425 nou
620 365 739 443 adsequi
760 365 880 426 laudem.
912 367 990 427 llaec
1010 368 1095 428 velim
1104 376 1139 430 1⁰

94 445 209 522 credas,
226 444 301 522 quod
313 446 392 505 initio
407 445 473 522 dixi,
489 449 641 527 scripsisse
656 467 702 508 mc
717 448 928 528 admouentem,
943 468 999 511 non
1014 470 1095 530 prae·

95 531 264 609 cipientem;
280 547 445 608 quamquam
459 533 682 610 praecipientem
697 550 822 611 quoque.
846 532 957 613 Quippe
975 553 1031 594 non
1046 554 1095 597 ve-

92 630 162 674 reor
176 615 205 672 in
220 629 316 673 amore
331 631 368 672 ne
382 613 495 673 modum
516 616 703 676 excesserim.
733 614 835 694 Neque
852 619 925 676 anim
938 619 1096 692 periculum

68 706 141 762 aest
155 716 193 757 nc
208 699 246 757 sit
259 696 372 756 nimium
385 696 460 774 quod
472 716 539 759 esse
553 701 700 758 maximum
715 699 812 760 debet.
842 699 923 760 Vale.

50 1120 85 1174 10
314 1041 352 1124 a.
381 1043 489 1122 antu
521 1043 677 1125 eructu
704 1041 879 1126 saccum

212 1211 243 1324 ll
285 1213 315 1322 P
356 1211 375 1322 l
419 1212 443 1322 l
485 1212 514 1322 l
555 1212 590 1325 ll
633 1213 661 1322 l
704 1215 736 1326 l
779 1217 815 1326 ll
855 1216 889 1329 ll
931 1215 972 1328 ll

475 1401 571 1455 LIBER
590 1400 715 1457 NONUS.

583 1560 605 1621 1.

368 1659 395 1711 G.
412 1659 536 1711 PLINIUS
556 1660 684 1711 MAXIMO
704 1661 764 1714 SUO
781 1662 807 1714 S.

157 1777 253 1855 Saepe
275 1786 304 1838 te
326 1777 419 1836 monui
440 1786 471 1837 ut
485 1776 574 1838 libros
591 1795 662 1856 quos
675 1778 722 1839 vel
737 1796 789 1858 pro
806 1789 835 1839 te
850 1778 898 1840 vel
913 1781 941 1838 in
958 1779 1117 1860 Plantam,1

93 1862 179 1922 immo
196 1871 225 1921 et
245 1878 298 1940 pro
311 1869 339 1920 te
356 1870 384 1920 et
400 1861 428 1919 iu
441 1859 519 1919 illurn
535 1861 588 1938 (ita
604 1864 677 1920 enim
690 1865 808 1924 materia
823 1863 961 1942 cogebat)
978 1882 1093 1943 compo-

49 1946 177 2015 aosuisti
189 1962 271 2022 quam
285 1944 471 2004 maturissime
487 1946 646 2012 emitterem
662 1946 737 2022 quod
750 1964 824 2005 nunc
835 1947 990 2025 praecipue
1003 1959 1093 2009 morte
1131 1975 1133 1981 ·

94 2030 157 2090 eius
172 2028 265 2088 audita
283 2036 311 2088 et
326 2026 424 2086 hortor
438 2037 467 2087 et
487 2043 599 2087 moneo.
632 2026 764 2100 Quamvis
786 2031 859 2088 enim
879 2029 987 2105 legeris
1001 2029 1120 2096 multisa

92 2111 293 2190 legendosque
315 2109 440 2188 dederis,
455 2109 522 2170 nolo
537 2120 630 2170 tamen
645 2129 812 2190 quemquam
829 2113 936 2191 opinari
958 2111 1092 2173 defuncto

93 2195 206 2256 demum
223 2194 387 2272 inchoatos,
404 2211 476 2272 quos
496 2193 628 2253 incolomi
650 2211 686 2254 eo
705 2197 852 2274 peregisti.
886 2195 970 2255 Salva
992 2196 1028 2256 sit
1043 2197 1119 2263 tibia

95 2280 271 2342 constantiae
286 2279 366 2338 lama.
389 2277 450 2337 Erit
463 2287 566 2354 autem,
582 2280 606 2338 si
619 2288 715 2338 notum
726 2281 823 2358 aequis
836 2280 995 2358 iniquisque
1008 2279 1093 2341 fuerit

46 2371 152 2425 25non
173 2372 241 2443 post
261 2362 364 2421 inimici
384 2370 504 2421 mortem
523 2362 667 2422 scribendi
684 2362 734 2423 tihi
754 2373 845 2423 natam
866 2382 933 2425 csse
952 2363 1091 2442 fiduciam,

92 2448 147 2508 scd
161 2449 216 2507 iam
229 2455 352 2526 paratam
367 2446 518 2506 editionem
531 2455 622 2507 morte
635 2457 830 2526 praeventam;
853 2457 880 2507 et
892 2447 974 2508 simul
990 2449 1091 2510 vitabis

91 2530 163 2592 illud
176 2523 238 2609 οὐχ
250 2521 323 2609 ὁσίη
336 2527 563 2608 φθιμένοισιν.
591 2529 661 2590 Nam
676 2531 751 2609 quod
766 2531 802 2593 de
821 2533 936 2593 vivente
956 2533 1115 2611 scriptume

93 2624 157 2693 est,
178 2617 207 2674 in
224 2614 387 2674 defunctum
402 2631 533 2693 quoque,
555 2623 694 2693 tamquam
708 2616 851 2677 viventem
868 2615 976 2692 adhuc,
989 2616 1091 2692 editur,

92 2700 118 2758 si
134 2698 228 2759 editur
242 2699 342 2759 statim.
361 2698 461 2776 Igitur,
473 2698 575 2776 siquid
588 2697 663 2758 aliud
677 2699 853 2777 inmanibus,
870 2701 980 2757 interim
996 2699 1092 2757 differ:

45 2782 149 2848 adhoc
165 2783 285 2862 perfice,
303 2781 378 2860 quod
392 2783 486 2857 nobis,
504 2783 551 2859 qui
566 2780 699 2858 legimus,
717 2781 783 2841 olim
797 2781 956 2844 absolutum
972 2780 1090 2840 videtur.

91 2865 152 2927 Sed
167 2867 221 2925 iam
231 2865 359 2925 videatur
371 2874 400 2924 et
414 2865 474 2941 tihi,
492 2866 571 2924 cuius
584 2866 792 2924 cunctationem
807 2884 863 2925 nco
881 2881 929 2924 res
943 2865 1005 2942 ipsa
1017 2862 1091 2923 desi·

92 2949 172 3010 derat
184 2958 214 3010 et
225 2950 361 3027 temporis
373 2949 442 3008 ratio
457 2947 602 3026 praecidit.
625 2946 706 3006 Vale.

572 3078 608 3140 11.

46 3211 83 3268 35
384 3180 411 3232 c.
428 3180 552 3231 unimus
568 3179 682 3230 snaruo
699 3177 757 3228 suo
774 3177 800 3227 s.

155 3283 239 3346 Facis
264 3283 386 3344 iucunde
407 3283 483 3362 quod
501 3302 557 3344 non
578 3283 669 3346 solum
694 3282 828 3359 plurimas
855 3279 993 3359 epistulas
1012 3292 1117 3346 mosel

92 3385 194 3431 rerum
209 3369 292 3427 etiam
306 3366 484 3445 longissimas
499 3368 623 3445 lagitas;
640 3368 668 3426 in
685 3366 785 3443 quibus
800 3364 976 3443 pascimini,
992 3364 1093 3442 partim

95 3454 161 3531 quia
181 3461 243 3513 tuas
258 3453 462 3530 occupationes
480 3452 616 3530 verebar,
640 3450 738 3528 partim
760 3449 823 3528 quia
842 3450 906 3527 ipse
921 3446 1037 3507 multum
1051 3445 1092 3508 dl·
