2400 3840
519 179 552 241 G.
575 180 671 241 PLlNl

564 332 627 393 Vll.

368 431 394 484 0.
413 431 538 485 PLINIUS
555 430 699 483 MACRINO
718 429 778 482 SUO
798 430 825 484 S.

67 564 83 616 1
155 549 232 612 llere
246 570 264 613 a
277 561 376 613 senatu
389 551 534 613 Vestricio
549 552 707 631 Spurinnae
722 550 852 630 principe
867 559 987 611 auctare
1004 551 1085 613 niun
1135 582 1137 591 ·

92 634 184 715 phalis
202 645 294 697 statua
313 635 431 699 decreta
450 645 514 713 cst,
538 654 595 697 non
614 637 652 697 ita
674 645 706 695 ut
725 632 820 695 multis
838 634 886 711 qui
907 636 1086 715 numquamiu

92 720 154 781 acie
175 728 331 800 steterunt,
353 738 503 799 numquam
527 728 619 781 castra
641 718 788 796 viderant,
811 735 963 797 numquam
978 719 1104 800 deniqaet

92 803 220 864 tubarum
234 823 336 869 sonum
350 805 405 866 nisi
421 805 449 862 in
464 803 640 883 spectaculis
654 801 813 879 audierunt,
831 819 932 862 verum
942 811 973 863 ut
984 801 1039 864 illis
1050 802 1089 883 qui

66 885 181 950 bdecas
195 888 273 950 istud
287 888 392 950 sudore
409 896 439 947 et
452 890 588 965 sangnine
605 896 635 947 et
653 886 736 947 lactis
757 884 998 966 adsequebantur.
1029 885 1090 947 llam

90 972 230 1051 Spurinna
245 972 414 1032 Bructerum
425 988 525 1047 regem
536 972 565 1030 ri
577 980 606 1031 et
617 971 699 1031 armis
711 969 820 1030 induxit
831 971 859 1028 in
870 988 992 1047 regnum
1005 981 1090 1032 osten·

89 1063 207 1133 tatoque
228 1055 308 1114 bello
326 1054 533 1114 ferocissimam
553 1061 687 1132 gentem,
715 1053 791 1132 qued
811 1061 856 1113 est
877 1053 1091 1131 pulcherrimum

64 1138 228 1201 arietariae
249 1156 360 1216 genus,
382 1147 492 1197 terrore
513 1138 682 1216 perdomuit.
716 1136 754 1198 llt
776 1136 833 1197 bac
854 1136 971 1216 quidem
987 1141 1121 1208 virtutium

91 1221 256 1300 praemium,
271 1219 341 1281 illud
357 1221 495 1283 solacium
509 1219 616 1282 doloris
633 1223 765 1300 accepit,
784 1220 862 1299 quod
877 1220 936 1282 iilia
952 1222 1015 1284 eius
1032 1221 1091 1284 Got-

89 1306 141 1383 tic,
157 1323 242 1385 quem
254 1306 347 1368 amisit
360 1305 485 1384 absens,
505 1304 617 1367 habitus
632 1313 677 1365 est
692 1304 783 1365 bonor
798 1313 918 1366 statuae.
952 1305 1056 1367 Rarum
1068 1306 1092 1367 id

89 1391 117 1448 in
132 1390 252 1452 invene:
272 1390 325 1452 sed
339 1400 421 1471 pater
434 1388 492 1450 boc
507 1407 623 1469 quoqne
638 1390 810 1466 merebatur,
827 1389 909 1451 cuius
928 1392 1092 1468 gravissimu

65 1473 200 1537 lrulneri
214 1493 317 1554 magno
330 1474 426 1554 aliquo
441 1475 567 1535 lomento
588 1471 758 1534 medendum
771 1472 833 1532 init.
862 1470 1018 1536 Praeterea
1031 1473 1092 1536 Cat·

89 1560 144 1619 tias
158 1560 224 1638 ipse
238 1569 294 1619 tam
309 1558 417 1618 clarum
431 1559 579 1637 specimen
593 1555 697 1617 indolis
714 1555 831 1616 dedemt
841 1564 872 1616 ut
886 1557 945 1617 rita
960 1560 1023 1621 ciue
1035 1559 1123 1622 bre-15

89 1643 133 1701 vis
150 1651 180 1703 et
200 1650 320 1720 angusta
336 1642 468 1703 debuerit
483 1641 536 1702 lrac
551 1640 631 1702 velut
647 1638 846 1700 inmortalitate
862 1640 997 1720 proferri.
1028 1640 1093 1704 llam

89 1733 164 1784 tanta
178 1725 206 1785 ei
226 1726 378 1803 sanctitas,
394 1727 536 1803 gravitas,
560 1726 713 1785 auctoritas
729 1725 829 1801 etiam,
846 1733 876 1784 ut
892 1735 997 1804 posset
1012 1746 1093 1789 senes

90 1805 157 1868 illos
178 1824 338 1887 provocare
359 1811 482 1886 virtute,
506 1809 609 1888 quibus
628 1827 705 1869 nunc
724 1807 834 1869 bonore
850 1806 1027 1890 adaequatus
1042 1820 1092 1872 est.

64 1888 155 1964 sssuo
170 1891 285 1971 quidem
298 1892 426 1971 bonore,
445 1903 578 1972 qnantum
593 1911 650 1971 ego
665 1894 855 1970 interpretur,
874 1910 933 1953 nun
947 1894 1033 1955 modu
1048 1895 1095 1955 de*

89 1975 178 2040 functi
198 1978 368 2056 memoriae,
390 1976 481 2038 dolori
494 1978 595 2056 patris,
610 1994 710 2038 rerum
725 1977 809 2037 etiam
824 1977 961 2054 exemplu
977 1995 1127 2058 prospe-ao

89 2067 165 2121 ctum
180 2070 235 2122 est.
265 2061 381 2123 Acuent
400 2061 436 2123 ad
458 2063 548 2124 barras
570 2070 648 2122 artes
671 2062 846 2121 iuventutem
862 2060 1093 2124 adulescentibus

88 2163 214 2225 quoqne,
232 2145 309 2224 digni
320 2148 376 2207 sint
390 2145 487 2224 modo,
502 2155 579 2207 mutu
589 2146 714 2225 praemia
726 2145 889 2222 constituta,
905 2156 1011 2217 acuent
1022 2149 1093 2227 prin·

89 2231 170 2307 cipes
184 2231 262 2289 viros
278 2229 315 2289 ad
329 2229 438 2290 liberos
459 2228 660 2307 suscipiendos
680 2237 710 2289 et
725 2226 826 2305 gaudia
840 2246 878 2288 ex
892 2232 1092 2310 superstitibus

64 2321 121 2382 set
133 2329 171 2371 ex
191 2313 301 2372 amissis
322 2321 378 2372 tam
394 2311 523 2389 gloriosa
538 2312 653 2373 solacia.
686 2311 737 2372 llis
755 2331 793 2371 ex
810 2314 904 2373 causis
919 2322 1014 2376 statua
1028 2313 1093 2377 Got-

87 2396 109 2455 ti
124 2393 241 2474 publice
253 2394 363 2473 luetur,
385 2415 441 2457 uec
461 2398 591 2476 privatim
604 2398 706 2458 minus.
740 2395 840 2455 Amavi
855 2400 1128 2468 consummatius-ns

87 2495 162 2537 mum
181 2479 313 2538 invenem
336 2489 391 2540 tam
412 2480 561 2559 ardenter,
589 2499 674 2560 quam
693 2498 768 2540 nunc
783 2481 956 2559 inpatienter
969 2485 1092 2564 requiro.

86 2560 149 2623 llrit
164 2579 236 2640 ergo
250 2573 415 2642 pergratum
429 2565 495 2626 mibi
515 2565 588 2626 banc
608 2564 736 2642 effigiem
758 2565 821 2624 eius
843 2565 965 2628 subinde
980 2569 1094 2646 intueri,

87 2645 207 2708 subinde
217 2649 379 2727 respicere,
395 2649 514 2710 subhac
527 2651 698 2726 consistere,
711 2657 827 2727 praeter
836 2647 914 2710 bunc
923 2668 1093 2712 commeare.

61 2729 199 2795 'llltenim
211 2733 237 2794 si
251 2732 449 2794 defunctorum
462 2735 599 2812 inmagines
616 2733 690 2793 domi
700 2733 812 2811 positae
825 2731 957 2795 dolorem
967 2745 1094 2797 nostrum

86 2813 192 2895 lerant,
209 2826 312 2896 quanto
325 2820 416 2898 magis
431 2818 485 2879 bae
500 2819 605 2898 quibus
616 2818 644 2876 in
657 2814 846 2876 celeberrimo
857 2815 925 2878 loca
937 2837 995 2879 non
1009 2819 1129 2895 modcpp

86 2901 204 3041 qpqtcies
225 2910 256 2962 et
276 2901 372 2964 vultus
392 2902 505 2964 illarum
519 2903 572 2963 sed
586 2901 679 2961 bancr
695 2901 779 2962 etiam
794 2909 824 2961 et
839 2899 933 2978 gloria
947 2900 1093 2968 refertur?

112 2999 127 3040 a
140 3002 166 3043 e.

550 3067 628 3128 Vlll.

364 3168 392 3224 c.
411 3167 536 3220 ruinius
557 3166 686 3219 caurum
704 3146 764 3219 sua
782 3167 810 3218 a.

62 3275 75 3326 l
148 3265 253 3328 Studes
274 3285 309 3327 an
329 3271 450 3348 piscaris
471 3289 507 3330 an
527 3271 640 3331 venmis
663 3291 698 3332 an
720 3271 802 3333 simul
824 3268 937 3333 omnia?
968 3273 1124 3334 Possuntet

87 3351 160 3408 enim
176 3352 267 3411 omnia
281 3351 364 3412 simul
379 3354 440 3414 lieri
455 3355 492 3415 ad
502 3353 611 3414 Larium
626 3365 762 3416 nostrum.
786 3353 856 3416 Nam
870 3355 951 3417 lacus
967 3358 1087 3436 piscem,

85 3433 160 3496 laras
175 3433 265 3495 silvae
281 3437 382 3516 quibus
397 3437 477 3498 lacus
496 3440 634 3516 cingitur,
650 3439 741 3500 studia
755 3439 907 3502 altissimus
917 3442 972 3502 iste
990 3459 1087 3502 seces·
