2400 3840
287 185 550 252 EPISTULARUM
566 191 643 251 v111.
663 201 688 254 a.
706 202 732 256 o.
750 205 850 256 ro.11.
1014 195 1074 258 161

525 343 615 404 Vllll.

369 440 397 495 G.
417 441 544 493 PLINIUS
562 442 646 493 URSO
663 441 723 492 SUO
741 442 769 492 S.

127 556 203 618 ottn
218 574 275 617 non
289 556 413 617 librum
405 579 433 618 1n
446 578 556 658 manus,
572 577 628 619 non
640 560 734 619 stilum
749 562 872 638 sumpsi;
890 561 956 620 olim
971 567 1071 625 nescro
1084 573 1098 624 1

66 641 132 722 qnid
149 643 186 701 sit
207 643 310 718 otium,
336 642 402 721 quid
425 644 523 722 quies,
551 644 617 723 quid
632 642 754 722 denique
768 643 861 703 illud
852 664 929 705 mers
946 647 1070 726 quidem,

43 724 218 786 tluoundnm
234 733 329 785 tamen
351 725 419 785 nihil
440 744 544 805 agere,
569 726 637 786 nihil
659 745 742 788 esse:
767 727 839 787 adeo
853 728 941 789 multa
956 747 1002 789 me
1021 751 1071 791 ne·
1157 771 1159 776 -

64 811 143 887 gotia
156 810 311 869 amicornm
322 827 377 869 nee
391 809 532 871 secedere
544 829 598 870 nec
609 809 723 871 studere
734 813 885 888 patiuntur
905 810 989 873 Nulla
999 817 1098 884 enimg

64 892 157 954 studia
168 894 237 953 tanti
249 901 279 952 ut
293 894 431 954 amicitiae
449 893 574 954 officium
589 893 747 992 deseratur,
764 894 839 974 quod
854 894 1070 973 religiosissime

65 976 281 1039 custodiendum
299 976 412 1037 studia'
404 995 466 1057 rpsa
477 977 665 1056 praecipiunt
698 977 779 1038 Vale

547 1125 583 1185 X

28 1156 57 1209 w
246 1223 272 1274 G.
290 1224 414 1275 PLINIUS
431 1225 560 1276 FABATO
578 1224 764 1277 Paosoolrrto
783 1223 843 1275 SUO
862 1224 889 1281 S.

128 1325 193 1398 Quo
208 1325 298 1402 magis
317 1325 399 1403 cupis
416 1344 453 1385 er
466 1327 549 1386 nobis
564 1336 742 1407 pronepotes
759 1325 875 1407 videre,
891 1328 948 1387 hoe
964 1328 1091 1395 tristior]

62 1409 162 1470 audies
177 1418 293 1490 neptem
303 1418 378 1469 tuam
391 1409 520 1470 abortum
535 1409 654 1488 fecisse,
667 1409 732 1469 dum
744 1427 777 1470 se
788 1420 990 1488 praegnantem
1002 1428 1069 1470 esse

65 1491 233 1570 puellariter
249 1493 343 1553 nescit
358 1511 392 1553 ao
415 1510 468 1570 per
488 1493 543 1554 lroc
560 1494 696 1574 quaedam
713 1492 899 1554 custodienda
912 1512 1068 1572 praegnan·

22 1576 140 1639 latibus
157 1577 268 1655 omittit,
284 1577 351 1637 lacit
367 1577 529 1638 omittenda.
553 1576 644 1651 Quem
657 1595 784 1638 emonem
795 1579 903 1655 magnis
915 1577 1068 1639 documen·

62 1661 100 1721 tis
117 1661 242 1739 expiavit
255 1662 283 1719 in
297 1677 435 1720 summum
449 1661 608 1740 periculum
622 1661 752 1722 adducta.
781 1660 873 1739 Igitur
892 1671 922 1722 ut
943 1674 1094 1726 necesses

63 1752 109 1804 est
130 1745 256 1822 graviter
277 1744 402 1824 accipias
425 1754 604 1806 senectutem
625 1755 700 1806 tuam
723 1746 803 1824 quasi
823 1747 927 1825 paratis
943 1747 1068 1825 posteris

61 1826 241 1905 destitutam,
262 1829 306 1888 sic
322 1826 411 1889 debes
434 1848 522 1907 agere
542 1830 595 1890 diis
615 1830 719 1907 gratias
742 1829 818 1909 quod
832 1831 870 1889 ita
882 1830 933 1891 tibi
947 1832 975 1889 in
987 1848 1068 1908 prae·

62 1911 154 1972 sentia
166 1920 342 1991 pronepotes
359 1923 534 1990 negaverunt
550 1922 580 1973 ut
595 1923 744 1974 servarent
754 1923 882 1993 neptem,
895 1913 962 1975 illos
974 1912 1068 1974 reddi·

19 1995 131 2074 aoturi,
147 2012 265 2074 quorum
280 1995 363 2056 nohis
378 2012 460 2073 spem
475 1999 626 2057 certiorem
636 1996 708 2057 haec
720 1999 783 2075 ipsa
793 2014 959 2075 quamquam
971 2014 1067 2074 parum

60 2082 204 2159 prospere
220 2079 366 2159 explorata
381 2078 540 2140 fecunditas
555 2080 632 2139 lacit.
655 2078 750 2140 Isdem
764 2099 839 2141 nune
851 2097 907 2156 ego
920 2089 950 2139 te
965 2080 1092 2156 quibust·

60 2164 155 2242 ipsum
170 2180 216 2223 me
236 2162 335 2224 hortor
350 2179 453 2223 moneo
477 2165 623 2224 confirmo.
653 2161 756 2243 Neque
780 2165 854 2223 enim
874 2163 1017 2222 ardentius
1036 2171 1068 2222 tu

59 2255 239 2325 pronepotes
256 2265 338 2326 quam
352 2263 410 2325 ego
426 2246 534 2309 liberos
551 2248 647 2326 capio,
663 2248 949 2326 quibusvideormeo
959 2255 1065 2325 tuoque

59 2329 153 2390 latere
174 2347 295 2430 pronum
313 2331 348 2391 ad
367 2329 492 2392 honores
511 2332 568 2391 iter
588 2341 617 2392 et
631 2329 726 2394 audita
740 2331 824 2392 latius
838 2333 950 2391 nomina
966 2340 995 2390 et
1009 2348 1065 2390 non

18 2413 195 2477 assnhttas
186 2416 323 2491 imagines
334 2413 496 2476 relicturus.
529 2413 687 2475 Nascantur
700 2415 785 2475 modo
801 2425 829 2476 et
845 2415 921 2476 hunc
938 2424 1064 2521 nostrum

60 2494 192 2558 dolorem
206 2498 309 2575 gaudio
324 2507 439 2558 mutent.
473 2497 554 2607 Vale

537 2646 587 2708 xl.

305 2744 332 2799 o.
352 2745 476 2798 sumtus
491 2746 671 2797 arsruunsu
690 2747 773 2797 suna
790 2745 817 2800 S.

17 2851 52 2906 30
125 2843 198 2905 (lum
215 2845 357 2906 adlectum
379 2856 456 2906 tuum
475 2866 543 2926 erga
561 2849 655 2908 fratris
677 2847 760 2906 filiam
775 2847 889 2923 cogito,
910 2845 993 2905 etiam
1007 2859 1084 2910 ma]

59 2939 142 2991 tema
157 2928 331 3007 indulgentia
344 2930 521 3008 molliorem,
548 2931 686 3008 intellego
701 2930 779 3008 prius
796 2929 846 2989 tibi
863 2927 938 3006 quod
953 2938 998 2989 est
1012 2945 1063 3006 po·

58 3014 166 3075 sterius
182 3015 378 3091 nuntiandum,
401 3022 431 3072 ut
452 3025 634 3092 praesumpta
649 3013 754 3075 laetitia
771 3011 954 3072 sollicitudini
969 3011 1064 3074 locum

58 3114 117 3156 non
132 3094 281 3175 relinquat.
316 3097 488 3175 Quamquam
509 3115 614 3157 vereor
627 3115 664 3159 ne
681 3106 747 3176 post
762 3094 978 3174 gratulationem
993 3115 1063 3175 quo·

59 3198 117 3260 que
129 3181 158 3238 in
175 3189 280 3240 metum
294 3180 396 3241 redeas
412 3190 497 3259 atque
512 3181 550 3240 ita
570 3181 695 3259 gaudeas
716 3179 845 3259 periculo
868 3179 1014 3242 liberatam
1034 3191 1064 3241 ut

17 3273 50 3330 35
60 3261 144 3325 simul
161 3263 237 3343 quod
251 3263 411 3343 periclitata
426 3266 462 3324 sit
477 3264 691 3343 perhorrescas.
714 3263 833 3342 Hilaris,
849 3264 903 3325 iam
917 3265 988 3340 sibi,
1009 3265 1091 3328 iamt

59 3347 128 3408 milri
138 3347 264 3424 reddita,
287 3347 386 3426 incipit
400 3348 480 3406 relici
497 3349 748 3426 transmissumque
763 3347 915 3409 discrimen
931 3346 1063 3408 convale-

58 3430 170 3570 seqqqltq
186 3431 289 3572 pptiri.
322 3430 385 3490 Fuit
401 3429 507 3510 alloqui
528 3433 556 3491 in
574 3449 685 3493 summo
701 3431 870 3494 discrimine
881 3431 1027 3572 ,x'quuuua
1038 3428 1085 3481 dx-
