<?xml version="1.0" encoding="UTF-8"?>
<!DOCTYPE html PUBLIC "-//W3C//DTD XHTML 1.0 Transitional//EN"
    "http://www.w3.org/TR/xhtml1/DTD/xhtml1-transitional.dtd">
<html xmlns="http://www.w3.org/1999/xhtml" xml:lang="en" lang="en">
 <head>
  <title>
</title>
<meta http-equiv="Content-Type" content="text/html;charset=utf-8" />
  <meta name='ocr-system' content='tesseract 3.04.00' />
  <meta name='ocr-capabilities' content='ocr_page ocr_carea ocr_par ocr_line ocrx_word'/>
</head>
<body>
  <div class='ocr_page' id='page_1' title='image "./cplinicaecilise01plingoog_0009.png"; bbox 0 0 2400 3840; ppageno 0'>
   <div class='ocr_carea' id='block_1_1' title="bbox 121 210 759 261">
    <p class='ocr_par' dir='ltr' id='par_1_1' title="bbox 121 210 759 261">
     <span class='ocr_line' id='line_1_1' title="bbox 121 210 759 261; baseline 0 -1"><span class='ocrx_word' id='word_1_1' title='bbox 121 219 152 260; x_wconf 87' lang='lat' dir='ltr'>lv</span> <span class='ocrx_word' id='word_1_2' title='bbox 529 210 759 261; x_wconf 83' lang='lat' dir='ltr'><strong>PRAEFATIO.</strong></span> 
     </span>
    </p>
   </div>
   <div class='ocr_carea' id='block_1_2' title="bbox 123 360 1182 2538">
    <p class='ocr_par' dir='ltr' id='par_1_2' title="bbox 123 360 1198 2538">
     <span class='ocr_line' id='line_1_2' title="bbox 124 360 1172 438; baseline 0.003 -16"><span class='ocrx_word' id='word_1_3' title='bbox 124 360 202 422; x_wconf 79' lang='lat' dir='ltr'>buram</span> <span class='ocrx_word' id='word_1_4' title='bbox 213 371 239 419; x_wconf 92' lang='lat' dir='ltr'>et</span> <span class='ocrx_word' id='word_1_5' title='bbox 249 365 355 420; x_wconf 83' lang='lat' dir='ltr'>formam</span> <span class='ocrx_word' id='word_1_6' title='bbox 362 365 419 422; x_wconf 90' lang='lat' dir='ltr'>libri</span> <span class='ocrx_word' id='word_1_7' title='bbox 429 365 503 420; x_wconf 88' lang='lat' dir='ltr'>talem</span> <span class='ocrx_word' id='word_1_8' title='bbox 513 380 565 420; x_wconf 75' lang='lat' dir='ltr'>esse</span> <span class='ocrx_word' id='word_1_9' title='bbox 575 366 722 430; x_wconf 85' lang='lat' dir='ltr'>iudicabam,</span> <span class='ocrx_word' id='word_1_10' title='bbox 740 366 835 438; x_wconf 89' lang='lat' dir='ltr'>qualem</span> <span class='ocrx_word' id='word_1_11' title='bbox 847 368 905 422; x_wconf 87' lang='lat' dir='ltr'>alias</span> <span class='ocrx_word' id='word_1_12' title='bbox 917 368 941 421; x_wconf 91' lang='lat' dir='ltr'>in</span> <span class='ocrx_word' id='word_1_13' title='bbox 953 368 1082 425; x_wconf 82' lang='lat' dir='ltr'><strong>codicibus</strong></span> <span class='ocrx_word' id='word_1_14' title='bbox 1095 367 1132 425; x_wconf 74' lang='lat' dir='ltr'>‘S.</span> <span class='ocrx_word' id='word_1_15' title='bbox 1139 367 1172 424; x_wconf 69' lang='lat' dir='ltr'>lle</span> 
     </span>
     <span class='ocr_line' id='line_1_3' title="bbox 123 447 1171 520; baseline 0.004 -15"><span class='ocrx_word' id='word_1_16' title='bbox 123 448 180 505; x_wconf 82' lang='lat' dir='ltr'>narii</span> <span class='ocrx_word' id='word_1_17' title='bbox 198 448 224 502; x_wconf 92' lang='lat' dir='ltr'>in</span> <span class='ocrx_word' id='word_1_18' title='bbox 243 447 368 504; x_wconf 80' lang='lat' dir='ltr'>laurissa’</span> <span class='ocrx_word' id='word_1_19' title='bbox 382 449 513 506; x_wconf 74' lang='lat' dir='ltr'>observari.</span> <span class='ocrx_word' id='word_1_20' title='bbox 544 464 590 520; x_wconf 81' lang='lat' dir='ltr'>qua</span> <span class='ocrx_word' id='word_1_21' title='bbox 609 449 634 503; x_wconf 92' lang='lat' dir='ltr'>in</span> <span class='ocrx_word' id='word_1_22' title='bbox 654 449 739 504; x_wconf 92' lang='lat' dir='ltr'>renisi</span> <span class='ocrx_word' id='word_1_23' title='bbox 756 451 984 507; x_wconf 88' lang='lat' dir='ltr'>oculietmemoria</span> <span class='ocrx_word' id='word_1_24' title='bbox 1001 453 1171 515; x_wconf 79' lang='lat' dir='ltr'>meletolum</span> 
     </span>
     <span class='ocr_line' id='line_1_4' title="bbox 123 530 1171 605; baseline 0.005 -19"><span class='ocrx_word' id='word_1_25' title='bbox 123 548 180 587; x_wconf 88' lang='lat' dir='ltr'>cum</span> <span class='ocrx_word' id='word_1_26' title='bbox 196 531 283 587; x_wconf 76' lang='lat' dir='ltr'>librare</span> <span class='ocrx_word' id='word_1_27' title='bbox 297 531 451 605; x_wconf 69' lang='lat' dir='ltr'>epistolam</span> <span class='ocrx_word' id='word_1_28' title='bbox 461 530 517 588; x_wconf 74' lang='lat' dir='ltr'>dati</span> <span class='ocrx_word' id='word_1_29' title='bbox 526 531 602 588; x_wconf 76' lang='lat' dir='ltr'>Plinii</span> <span class='ocrx_word' id='word_1_30' title='bbox 622 548 693 604; x_wconf 81' lang='lat' dir='ltr'>quem</span> <span class='ocrx_word' id='word_1_31' title='bbox 710 532 836 589; x_wconf 91' lang='lat' dir='ltr'>undecimo</span> <span class='ocrx_word' id='word_1_32' title='bbox 848 535 944 590; x_wconf 90' lang='lat' dir='ltr'>saeculo</span> <span class='ocrx_word' id='word_1_33' title='bbox 955 536 980 590; x_wconf 90' lang='lat' dir='ltr'>in</span> <span class='ocrx_word' id='word_1_34' title='bbox 992 533 1171 593; x_wconf 72' lang='lat' dir='ltr'>monasteriolis·</span> 
     </span>
     <span class='ocr_line' id='line_1_5' title="bbox 124 616 1171 690; baseline 0.006 -20"><span class='ocrx_word' id='word_1_35' title='bbox 124 617 220 671; x_wconf 83' lang='lat' dir='ltr'>nuriano</span> <span class='ocrx_word' id='word_1_36' title='bbox 237 616 346 671; x_wconf 73' lang='lat' dir='ltr'>extitisse</span> <span class='ocrx_word' id='word_1_37' title='bbox 367 617 493 688; x_wconf 81' lang='lat' dir='ltr'>cculogns</span> <span class='ocrx_word' id='word_1_38' title='bbox 516 616 545 671; x_wconf 93' lang='lat' dir='ltr'>ab</span> <span class='ocrx_word' id='word_1_39' title='bbox 565 616 658 688; x_wconf 79' lang='lat' dir='ltr'>lngelo</span> <span class='ocrx_word' id='word_1_40' title='bbox 679 616 742 671; x_wconf 87' lang='lat' dir='ltr'>llaio</span> <span class='ocrx_word' id='word_1_41' title='bbox 765 617 791 671; x_wconf 94' lang='lat' dir='ltr'>in</span> <span class='ocrx_word' id='word_1_42' title='bbox 804 617 930 690; x_wconf 72' lang='lat' dir='ltr'>spicilegii</span> <span class='ocrx_word' id='word_1_43' title='bbox 948 618 1055 676; x_wconf 83' lang='lat' dir='ltr'>Romani</span> <span class='ocrx_word' id='word_1_44' title='bbox 1074 620 1171 675; x_wconf 82' lang='lat' dir='ltr'>solnmirt</span> 
     </span>
     <span class='ocr_line' id='line_1_6' title="bbox 124 698 1169 771; baseline 0.005 -18"><span class='ocrx_word' id='word_1_45' title='bbox 124 700 209 771; x_wconf 90' lang='lat' dir='ltr'>quinto</span> <span class='ocrx_word' id='word_1_46' title='bbox 220 699 300 755; x_wconf 91' lang='lat' dir='ltr'>editus</span> <span class='ocrx_word' id='word_1_47' title='bbox 310 715 334 770; x_wconf 94' lang='lat' dir='ltr'>p.</span> <span class='ocrx_word' id='word_1_48' title='bbox 345 703 397 758; x_wconf 85' lang='lat'>190</span> <span class='ocrx_word' id='word_1_49' title='bbox 406 700 495 755; x_wconf 87' lang='lat' dir='ltr'>indicat</span> <span class='ocrx_word' id='word_1_50' title='bbox 504 699 570 755; x_wconf 89' lang='lat' dir='ltr'>hunc</span> <span class='ocrx_word' id='word_1_51' title='bbox 579 699 658 770; x_wconf 91' lang='lat' dir='ltr'>ipsum</span> <span class='ocrx_word' id='word_1_52' title='bbox 668 698 832 756; x_wconf 74' lang='lat' dir='ltr'>Florentinum</span> <span class='ocrx_word' id='word_1_53' title='bbox 842 701 951 757; x_wconf 88' lang='lat' dir='ltr'>codicem</span> <span class='ocrx_word' id='word_1_54' title='bbox 963 718 1019 759; x_wconf 79' lang='lat' dir='ltr'>esse</span> <span class='ocrx_word' id='word_1_55' title='bbox 1030 705 1102 760; x_wconf 77' lang='lat' dir='ltr'>dicae</span> <span class='ocrx_word' id='word_1_56' title='bbox 1128 716 1169 758; x_wconf 73' lang='lat' dir='ltr'>coe</span> 
     </span>
     <span class='ocr_line' id='line_1_7' title="bbox 124 782 1169 858; baseline 0.009 -22"><span class='ocrx_word' id='word_1_57' title='bbox 124 783 188 837; x_wconf 90' lang='lat' dir='ltr'>tinet</span> <span class='ocrx_word' id='word_1_58' title='bbox 199 788 280 838; x_wconf 88' lang='lat' dir='ltr'>autem</span> <span class='ocrx_word' id='word_1_59' title='bbox 291 789 348 855; x_wconf 92' lang='lat' dir='ltr'>post</span> <span class='ocrx_word' id='word_1_60' title='bbox 359 783 453 854; x_wconf 88' lang='lat' dir='ltr'>llpuleii</span> <span class='ocrx_word' id='word_1_61' title='bbox 462 782 536 838; x_wconf 89' lang='lat' dir='ltr'>libms</span> <span class='ocrx_word' id='word_1_62' title='bbox 547 783 650 837; x_wconf 85' lang='lat' dir='ltr'>minores</span> <span class='ocrx_word' id='word_1_63' title='bbox 662 783 717 839; x_wconf 91' lang='lat' dir='ltr'>inde</span> <span class='ocrx_word' id='word_1_64' title='bbox 728 798 742 838; x_wconf 88' lang='lat' dir='ltr'>a</span> <span class='ocrx_word' id='word_1_65' title='bbox 752 784 770 839; x_wconf 88' lang='lat' dir='ltr'>l.</span> <span class='ocrx_word' id='word_1_66' title='bbox 787 787 820 841; x_wconf 84' lang='lat'>41</span> <span class='ocrx_word' id='word_1_67' title='bbox 838 784 909 840; x_wconf 86' lang='lat' dir='ltr'>Plinii</span> <span class='ocrx_word' id='word_1_68' title='bbox 924 787 1085 857; x_wconf 85' lang='lat' dir='ltr'>epistularum</span> <span class='ocrx_word' id='word_1_69' title='bbox 1100 793 1169 858; x_wconf 69' lang='lat' dir='ltr'>partu</span> 
     </span>
     <span class='ocr_line' id='line_1_8' title="bbox 125 865 1170 941; baseline 0.003 -19"><span class='ocrx_word' id='word_1_70' title='bbox 125 882 179 922; x_wconf 87' lang='lat' dir='ltr'>eam</span> <span class='ocrx_word' id='word_1_71' title='bbox 193 881 265 938; x_wconf 86' lang='lat' dir='ltr'>quam</span> <span class='ocrx_word' id='word_1_72' title='bbox 275 867 301 921; x_wconf 92' lang='lat' dir='ltr'>in</span> <span class='ocrx_word' id='word_1_73' title='bbox 315 865 444 939; x_wconf 82' lang='lat' dir='ltr'>archetypo</span> <span class='ocrx_word' id='word_1_74' title='bbox 454 865 526 921; x_wconf 90' lang='lat' dir='ltr'>huius</span> <span class='ocrx_word' id='word_1_75' title='bbox 535 866 616 936; x_wconf 81' lang='lat' dir='ltr'>stirpis</span> <span class='ocrx_word' id='word_1_76' title='bbox 629 866 704 922; x_wconf 80' lang='lat' dir='ltr'>finisse</span> <span class='ocrx_word' id='word_1_77' title='bbox 720 867 777 922; x_wconf 83' lang='lat' dir='ltr'>dixi.</span> <span class='ocrx_word' id='word_1_78' title='bbox 810 884 866 924; x_wconf 90' lang='lat' dir='ltr'>nam</span> <span class='ocrx_word' id='word_1_79' title='bbox 880 885 940 941; x_wconf 76' lang='lat' dir='ltr'>qliae</span> <span class='ocrx_word' id='word_1_80' title='bbox 956 877 1014 941; x_wconf 87' lang='lat' dir='ltr'>post</span> <span class='ocrx_word' id='word_1_81' title='bbox 1036 867 1170 927; x_wconf 82' lang='lat' dir='ltr'>sextamlbu&#39;</span> 
     </span>
     <span class='ocr_line' id='line_1_9' title="bbox 126 950 1169 1027; baseline 0.003 -21"><span class='ocrx_word' id='word_1_82' title='bbox 126 951 202 1022; x_wconf 91' lang='lat' dir='ltr'>quinti</span> <span class='ocrx_word' id='word_1_83' title='bbox 213 950 343 1021; x_wconf 78' lang='lat' dir='ltr'>epistulam</span> <span class='ocrx_word' id='word_1_84' title='bbox 354 951 433 1007; x_wconf 88' lang='lat' dir='ltr'>addita</span> <span class='ocrx_word' id='word_1_85' title='bbox 444 957 513 1015; x_wconf 87' lang='lat' dir='ltr'>sunt,</span> <span class='ocrx_word' id='word_1_86' title='bbox 530 950 633 1020; x_wconf 83' lang='lat' dir='ltr'>epistula</span> <span class='ocrx_word' id='word_1_87' title='bbox 643 951 744 1021; x_wconf 89' lang='lat' dir='ltr'>septima</span> <span class='ocrx_word' id='word_1_88' title='bbox 755 957 780 1005; x_wconf 90' lang='lat' dir='ltr'>et</span> <span class='ocrx_word' id='word_1_89' title='bbox 791 959 889 1007; x_wconf 88' lang='lat' dir='ltr'>octavae</span> <span class='ocrx_word' id='word_1_90' title='bbox 899 969 954 1023; x_wconf 89' lang='lat' dir='ltr'>pars</span> <span class='ocrx_word' id='word_1_91' title='bbox 964 970 1044 1027; x_wconf 85' lang='lat' dir='ltr'>usque</span> <span class='ocrx_word' id='word_1_92' title='bbox 1055 956 1085 1012; x_wconf 90' lang='lat' dir='ltr'>ad</span> <span class='ocrx_word' id='word_1_93' title='bbox 1097 957 1169 1021; x_wconf 75' lang='lat' dir='ltr'>§loe</span> 
     </span>
     <span class='ocr_line' id='line_1_10' title="bbox 124 1033 1171 1112; baseline 0.004 -22"><span class='ocrx_word' id='word_1_94' title='bbox 124 1034 199 1098; x_wconf 69' lang='lat' dir='ltr'>obri,</span> <span class='ocrx_word' id='word_1_95' title='bbox 224 1049 253 1088; x_wconf 92' lang='lat' dir='ltr'>ea</span> <span class='ocrx_word' id='word_1_96' title='bbox 269 1035 403 1090; x_wconf 84' lang='lat' dir='ltr'>recentiore</span> <span class='ocrx_word' id='word_1_97' title='bbox 415 1049 487 1089; x_wconf 90' lang='lat' dir='ltr'>mann</span> <span class='ocrx_word' id='word_1_98' title='bbox 504 1033 600 1089; x_wconf 89' lang='lat' dir='ltr'>saeculo</span> <span class='ocrx_word' id='word_1_99' title='bbox 611 1035 693 1106; x_wconf 88' lang='lat' dir='ltr'>quinto</span> <span class='ocrx_word' id='word_1_100' title='bbox 713 1034 807 1091; x_wconf 90' lang='lat' dir='ltr'>decimo</span> <span class='ocrx_word' id='word_1_101' title='bbox 823 1037 912 1107; x_wconf 87' lang='lat' dir='ltr'>scripta</span> <span class='ocrx_word' id='word_1_102' title='bbox 931 1045 997 1093; x_wconf 90' lang='lat' dir='ltr'>sunt.</span> <span class='ocrx_word' id='word_1_103' title='bbox 1028 1039 1117 1112; x_wconf 80' lang='lat' dir='ltr'>singuli</span> <span class='ocrx_word' id='word_1_104' title='bbox 1130 1033 1171 1093; x_wconf 79' lang='lat' dir='ltr'>ldd</span> 
     </span>
     <span class='ocr_line' id='line_1_11' title="bbox 127 1117 1170 1194; baseline 0.006 -22"><span class='ocrx_word' id='word_1_105' title='bbox 127 1119 219 1173; x_wconf 88' lang='lat' dir='ltr'>maiore</span> <span class='ocrx_word' id='word_1_106' title='bbox 229 1117 308 1188; x_wconf 83' lang='lat' dir='ltr'>spatio</span> <span class='ocrx_word' id='word_1_107' title='bbox 317 1118 401 1174; x_wconf 88' lang='lat' dir='ltr'>relicto</span> <span class='ocrx_word' id='word_1_108' title='bbox 415 1125 440 1173; x_wconf 95' lang='lat' dir='ltr'>et</span> <span class='ocrx_word' id='word_1_109' title='bbox 449 1117 579 1172; x_wconf 88' lang='lat' dir='ltr'>maioribus</span> <span class='ocrx_word' id='word_1_110' title='bbox 595 1119 681 1174; x_wconf 84' lang='lat' dir='ltr'>litteris</span> <span class='ocrx_word' id='word_1_111' title='bbox 693 1119 752 1173; x_wconf 90' lang='lat' dir='ltr'>satis</span> <span class='ocrx_word' id='word_1_112' title='bbox 768 1126 850 1191; x_wconf 88' lang='lat' dir='ltr'>aperte</span> <span class='ocrx_word' id='word_1_113' title='bbox 866 1121 972 1176; x_wconf 91' lang='lat' dir='ltr'>distincti</span> <span class='ocrx_word' id='word_1_114' title='bbox 989 1130 1063 1189; x_wconf 87' lang='lat' dir='ltr'>sunt,</span> <span class='ocrx_word' id='word_1_115' title='bbox 1084 1119 1170 1194; x_wconf 77' lang='lat' dir='ltr'>ipst&#39;m</span> 
     </span>
     <span class='ocr_line' id='line_1_12' title="bbox 126 1201 1172 1276; baseline 0.007 -19"><span class='ocrx_word' id='word_1_116' title='bbox 126 1202 226 1273; x_wconf 88' lang='lat' dir='ltr'>scriptio</span> <span class='ocrx_word' id='word_1_117' title='bbox 240 1207 322 1257; x_wconf 88' lang='lat' dir='ltr'>tamen</span> <span class='ocrx_word' id='word_1_118' title='bbox 333 1205 358 1257; x_wconf 91' lang='lat' dir='ltr'>in</span> <span class='ocrx_word' id='word_1_119' title='bbox 370 1201 423 1257; x_wconf 90' lang='lat' dir='ltr'>solo</span> <span class='ocrx_word' id='word_1_120' title='bbox 438 1203 543 1258; x_wconf 87' lang='lat' dir='ltr'>secundo</span> <span class='ocrx_word' id='word_1_121' title='bbox 558 1201 619 1259; x_wconf 91' lang='lat' dir='ltr'>libro</span> <span class='ocrx_word' id='word_1_122' title='bbox 629 1203 709 1259; x_wconf 87' lang='lat' dir='ltr'>addita</span> <span class='ocrx_word' id='word_1_123' title='bbox 720 1209 770 1267; x_wconf 83' lang='lat' dir='ltr'>est,</span> <span class='ocrx_word' id='word_1_124' title='bbox 796 1204 820 1259; x_wconf 90' lang='lat' dir='ltr'>in</span> <span class='ocrx_word' id='word_1_125' title='bbox 837 1205 934 1276; x_wconf 88' lang='lat' dir='ltr'>reliquis</span> <span class='ocrx_word' id='word_1_126' title='bbox 952 1206 974 1260; x_wconf 90' lang='lat' dir='ltr'>ei</span> <span class='ocrx_word' id='word_1_127' title='bbox 988 1207 1029 1261; x_wconf 93' lang='lat' dir='ltr'>cni</span> <span class='ocrx_word' id='word_1_128' title='bbox 1045 1207 1172 1263; x_wconf 78' lang='lat' dir='ltr'>moneam</span> 
     </span>
     <span class='ocr_line' id='line_1_13' title="bbox 127 1285 1172 1364; baseline 0.005 -24"><span class='ocrx_word' id='word_1_129' title='bbox 127 1301 186 1341; x_wconf 92' lang='lat' dir='ltr'>cura</span> <span class='ocrx_word' id='word_1_130' title='bbox 200 1285 312 1341; x_wconf 88' lang='lat' dir='ltr'>mandata</span> <span class='ocrx_word' id='word_1_131' title='bbox 329 1292 380 1340; x_wconf 88' lang='lat' dir='ltr'>erat</span> <span class='ocrx_word' id='word_1_132' title='bbox 392 1286 482 1341; x_wconf 87' lang='lat' dir='ltr'>relicta.</span> <span class='ocrx_word' id='word_1_133' title='bbox 513 1292 619 1341; x_wconf 84' lang='lat' dir='ltr'>ceterum</span> <span class='ocrx_word' id='word_1_134' title='bbox 633 1294 688 1342; x_wconf 86' lang='lat' dir='ltr'>ante</span> <span class='ocrx_word' id='word_1_135' title='bbox 704 1302 744 1341; x_wconf 90' lang='lat' dir='ltr'>me</span> <span class='ocrx_word' id='word_1_136' title='bbox 753 1286 888 1343; x_wconf 73' lang='lat' dir='ltr'>lbidericus</span> <span class='ocrx_word' id='word_1_137' title='bbox 899 1288 1094 1364; x_wconf 79' lang='lat' dir='ltr'>lindenbrogius</span> <span class='ocrx_word' id='word_1_138' title='bbox 1104 1290 1172 1346; x_wconf 85' lang='lat' dir='ltr'>lbnn</span> 
     </span>
     <span class='ocr_line' id='line_1_14' title="bbox 126 1369 1173 1444; baseline 0.001 -18"><span class='ocrx_word' id='word_1_139' title='bbox 126 1375 278 1435; x_wconf 82' lang='lat' dir='ltr'>excusserat,</span> <span class='ocrx_word' id='word_1_140' title='bbox 299 1369 416 1442; x_wconf 83' lang='lat' dir='ltr'>siquidem</span> <span class='ocrx_word' id='word_1_141' title='bbox 430 1369 533 1425; x_wconf 89' lang='lat' dir='ltr'>schedae</span> <span class='ocrx_word' id='word_1_142' title='bbox 542 1369 775 1444; x_wconf 74' lang='lat' dir='ltr'>lindenbrogianae,</span> <span class='ocrx_word' id='word_1_143' title='bbox 795 1371 882 1444; x_wconf 84' lang='lat' dir='ltr'>quibus</span> <span class='ocrx_word' id='word_1_144' title='bbox 893 1371 991 1428; x_wconf 75' lang='lat' dir='ltr'>(lortius</span> <span class='ocrx_word' id='word_1_145' title='bbox 1005 1391 1067 1431; x_wconf 90' lang='lat' dir='ltr'>usus</span> <span class='ocrx_word' id='word_1_146' title='bbox 1085 1381 1129 1439; x_wconf 79' lang='lat' dir='ltr'>cst,</span> <span class='ocrx_word' id='word_1_147' title='bbox 1149 1373 1173 1427; x_wconf 83' lang='lat' dir='ltr'>itt</span> 
     </span>
     <span class='ocr_line' id='line_1_15' title="bbox 127 1452 1173 1528; baseline 0.005 -20"><span class='ocrx_word' id='word_1_148' title='bbox 127 1469 183 1509; x_wconf 92' lang='lat' dir='ltr'>cnm</span> <span class='ocrx_word' id='word_1_149' title='bbox 200 1452 273 1508; x_wconf 88' lang='lat' dir='ltr'>huius</span> <span class='ocrx_word' id='word_1_150' title='bbox 289 1453 379 1510; x_wconf 91' lang='lat' dir='ltr'>codicis</span> <span class='ocrx_word' id='word_1_151' title='bbox 395 1454 519 1526; x_wconf 85' lang='lat' dir='ltr'>scripturis</span> <span class='ocrx_word' id='word_1_152' title='bbox 534 1456 686 1510; x_wconf 90' lang='lat' dir='ltr'>consentiunt</span> <span class='ocrx_word' id='word_1_153' title='bbox 703 1464 732 1512; x_wconf 91' lang='lat' dir='ltr'>nt</span> <span class='ocrx_word' id='word_1_154' title='bbox 751 1471 801 1511; x_wconf 95' lang='lat' dir='ltr'>non</span> <span class='ocrx_word' id='word_1_155' title='bbox 818 1456 925 1511; x_wconf 90' lang='lat' dir='ltr'>dubitem</span> <span class='ocrx_word' id='word_1_156' title='bbox 936 1458 994 1528; x_wconf 81' lang='lat' dir='ltr'>quin</span> <span class='ocrx_word' id='word_1_157' title='bbox 1018 1474 1050 1514; x_wconf 85' lang='lat' dir='ltr'>cx</span> <span class='ocrx_word' id='word_1_158' title='bbox 1070 1459 1116 1516; x_wconf 88' lang='lat' dir='ltr'>lroc</span> <span class='ocrx_word' id='word_1_159' title='bbox 1132 1458 1173 1528; x_wconf 83' lang='lat' dir='ltr'>ipo</span> 
     </span>
     <span class='ocr_line' id='line_1_16' title="bbox 127 1536 1175 1613; baseline 0.005 -21"><span class='ocrx_word' id='word_1_160' title='bbox 127 1543 254 1607; x_wconf 82' lang='lat' dir='ltr'>excerptae</span> <span class='ocrx_word' id='word_1_161' title='bbox 275 1536 337 1602; x_wconf 84' lang='lat' dir='ltr'>sint,</span> <span class='ocrx_word' id='word_1_162' title='bbox 358 1539 496 1608; x_wconf 87' lang='lat' dir='ltr'>praesertim</span> <span class='ocrx_word' id='word_1_163' title='bbox 511 1554 568 1599; x_wconf 81' lang='lat' dir='ltr'>mm</span> <span class='ocrx_word' id='word_1_164' title='bbox 579 1538 785 1613; x_wconf 83' lang='lat' dir='ltr'>Lindenbrogium</span> <span class='ocrx_word' id='word_1_165' title='bbox 798 1538 932 1596; x_wconf 73' lang='lat' dir='ltr'>Florentiae</span> <span class='ocrx_word' id='word_1_166' title='bbox 945 1541 1082 1600; x_wconf 88' lang='lat' dir='ltr'>llarciancs</span> <span class='ocrx_word' id='word_1_167' title='bbox 1097 1542 1175 1599; x_wconf 78' lang='lat' dir='ltr'>udos</span> 
     </span>
     <span class='ocr_line' id='line_1_17' title="bbox 127 1621 1176 1699; baseline 0.008 -23"><span class='ocrx_word' id='word_1_168' title='bbox 127 1635 255 1690; x_wconf 82' lang='lat' dir='ltr'>usurpasse</span> <span class='ocrx_word' id='word_1_169' title='bbox 270 1627 372 1678; x_wconf 88' lang='lat' dir='ltr'>constet.</span> <span class='ocrx_word' id='word_1_170' title='bbox 392 1629 486 1690; x_wconf 87' lang='lat' dir='ltr'>praeter</span> <span class='ocrx_word' id='word_1_171' title='bbox 497 1621 562 1678; x_wconf 89' lang='lat' dir='ltr'>hunc</span> <span class='ocrx_word' id='word_1_172' title='bbox 572 1624 680 1680; x_wconf 88' lang='lat' dir='ltr'>codicem</span> <span class='ocrx_word' id='word_1_173' title='bbox 690 1632 772 1681; x_wconf 90' lang='lat' dir='ltr'>antem</span> <span class='ocrx_word' id='word_1_174' title='bbox 788 1639 864 1679; x_wconf 91' lang='lat' dir='ltr'>unum</span> <span class='ocrx_word' id='word_1_175' title='bbox 875 1625 982 1680; x_wconf 90' lang='lat' dir='ltr'>eiusdem</span> <span class='ocrx_word' id='word_1_176' title='bbox 995 1628 1095 1699; x_wconf 79' lang='lat' dir='ltr'>generis</span> <span class='ocrx_word' id='word_1_177' title='bbox 1103 1626 1176 1683; x_wconf 82' lang='lat' dir='ltr'>ibrum</span> 
     </span>
     <span class='ocr_line' id='line_1_18' title="bbox 127 1704 1177 1781; baseline 0.007 -22"><span class='ocrx_word' id='word_1_178' title='bbox 127 1704 247 1761; x_wconf 84' lang='lat' dir='ltr'>Marciano</span> <span class='ocrx_word' id='word_1_179' title='bbox 268 1704 423 1777; x_wconf 82' lang='lat' dir='ltr'>antiquiorem</span> <span class='ocrx_word' id='word_1_180' title='bbox 439 1706 546 1763; x_wconf 75' lang='lat' dir='ltr'>extitisse</span> <span class='ocrx_word' id='word_1_181' title='bbox 559 1707 616 1764; x_wconf 88' lang='lat' dir='ltr'>novi</span> <span class='ocrx_word' id='word_1_182' title='bbox 635 1707 833 1773; x_wconf 85' lang='lat' dir='ltr'>Ricoardiannm,</span> <span class='ocrx_word' id='word_1_183' title='bbox 853 1723 925 1781; x_wconf 87' lang='lat' dir='ltr'>quem</span> <span class='ocrx_word' id='word_1_184' title='bbox 943 1708 1044 1766; x_wconf 85' lang='lat' dir='ltr'>aGorio</span> <span class='ocrx_word' id='word_1_185' title='bbox 1056 1710 1177 1768; x_wconf 84' lang='lat' dir='ltr'>lloreotim</span> 
     </span>
     <span class='ocr_line' id='line_1_19' title="bbox 128 1787 1177 1866; baseline 0.007 -24"><span class='ocrx_word' id='word_1_186' title='bbox 128 1789 242 1843; x_wconf 86' lang='lat' dir='ltr'>collatum</span> <span class='ocrx_word' id='word_1_187' title='bbox 255 1787 338 1844; x_wconf 89' lang='lat' dir='ltr'>habuit</span> <span class='ocrx_word' id='word_1_188' title='bbox 348 1787 449 1846; x_wconf 79' lang='lat' dir='ltr'>Cottius.</span> <span class='ocrx_word' id='word_1_189' title='bbox 471 1792 522 1862; x_wconf 90' lang='lat' dir='ltr'>ipse</span> <span class='ocrx_word' id='word_1_190' title='bbox 532 1792 595 1847; x_wconf 87' lang='lat' dir='ltr'>enim</span> <span class='ocrx_word' id='word_1_191' title='bbox 605 1793 707 1858; x_wconf 86' lang='lat' dir='ltr'>librum,</span> <span class='ocrx_word' id='word_1_192' title='bbox 718 1807 863 1866; x_wconf 83' lang='lat' dir='ltr'>quamquam</span> <span class='ocrx_word' id='word_1_193' title='bbox 874 1800 899 1848; x_wconf 88' lang='lat' dir='ltr'>et</span> <span class='ocrx_word' id='word_1_194' title='bbox 911 1809 925 1847; x_wconf 93' lang='lat' dir='ltr'>a</span> <span class='ocrx_word' id='word_1_195' title='bbox 935 1792 1055 1850; x_wconf 88' lang='lat' dir='ltr'>Lamioiu</span> <span class='ocrx_word' id='word_1_196' title='bbox 1069 1795 1177 1865; x_wconf 73' lang='lat' dir='ltr'>‘catalogo</span> 
     </span>
     <span class='ocr_line' id='line_1_20' title="bbox 127 1872 1178 1949; baseline 0.013 -23"><span class='ocrx_word' id='word_1_197' title='bbox 127 1872 239 1928; x_wconf 91' lang='lat' dir='ltr'>codicum</span> <span class='ocrx_word' id='word_1_198' title='bbox 248 1874 460 1944; x_wconf 74' lang='lat' dir='ltr'>manuscriptorum</span> <span class='ocrx_word' id='word_1_199' title='bbox 470 1877 512 1949; x_wconf 86' lang='lat' dir='ltr'>qui</span> <span class='ocrx_word' id='word_1_200' title='bbox 522 1876 547 1932; x_wconf 88' lang='lat' dir='ltr'>in</span> <span class='ocrx_word' id='word_1_201' title='bbox 558 1876 704 1932; x_wconf 78' lang='lat' dir='ltr'>bibliotheca</span> <span class='ocrx_word' id='word_1_202' title='bbox 710 1876 866 1933; x_wconf 85' lang='lat' dir='ltr'>Riccardiana</span> <span class='ocrx_word' id='word_1_203' title='bbox 873 1877 1009 1933; x_wconf 88' lang='lat' dir='ltr'>llorentiae</span> <span class='ocrx_word' id='word_1_204' title='bbox 1019 1875 1178 1940; x_wconf 71' lang='lat' dir='ltr'>asservmtrr&#39;·</span> 
     </span>
     <span class='ocr_line' id='line_1_21' title="bbox 127 1955 1179 2033; baseline 0.01 -23"><span class='ocrx_word' id='word_1_205' title='bbox 127 1955 224 2011; x_wconf 89' lang='lat' dir='ltr'>Liburni</span> <span class='ocrx_word' id='word_1_206' title='bbox 241 1971 263 2013; x_wconf 81' lang='lat' dir='ltr'>a</span> <span class='ocrx_word' id='word_1_207' title='bbox 281 1959 348 2017; x_wconf 78' lang='lat'>1756</span> <span class='ocrx_word' id='word_1_208' title='bbox 363 1959 441 2025; x_wconf 86' lang='lat' dir='ltr'>edito,</span> <span class='ocrx_word' id='word_1_209' title='bbox 464 1967 489 2014; x_wconf 93' lang='lat' dir='ltr'>et</span> <span class='ocrx_word' id='word_1_210' title='bbox 508 1961 533 2015; x_wconf 91' lang='lat' dir='ltr'>in</span> <span class='ocrx_word' id='word_1_211' title='bbox 552 1960 632 2016; x_wconf 85' lang='lat' dir='ltr'>indice</span> <span class='ocrx_word' id='word_1_212' title='bbox 649 1975 721 2016; x_wconf 87' lang='lat' dir='ltr'>mann</span> <span class='ocrx_word' id='word_1_213' title='bbox 743 1961 832 2030; x_wconf 90' lang='lat' dir='ltr'>scripto</span> <span class='ocrx_word' id='word_1_214' title='bbox 847 1976 895 2033; x_wconf 87' lang='lat' dir='ltr'>quo</span> <span class='ocrx_word' id='word_1_215' title='bbox 911 1976 977 2016; x_wconf 92' lang='lat' dir='ltr'>nunc</span> <span class='ocrx_word' id='word_1_216' title='bbox 995 1963 1021 2017; x_wconf 93' lang='lat' dir='ltr'>in</span> <span class='ocrx_word' id='word_1_217' title='bbox 1035 1962 1179 2020; x_wconf 82' lang='lat' dir='ltr'>Ricccrdiam</span> 
     </span>
     <span class='ocr_line' id='line_1_22' title="bbox 125 2036 1180 2116; baseline 0.008 -22"><span class='ocrx_word' id='word_1_218' title='bbox 125 2036 269 2096; x_wconf 84' lang='lat' dir='ltr'>bibliotheca</span> <span class='ocrx_word' id='word_1_219' title='bbox 279 2048 379 2098; x_wconf 90' lang='lat' dir='ltr'>utuntur</span> <span class='ocrx_word' id='word_1_220' title='bbox 388 2044 567 2110; x_wconf 73' lang='lat' dir='ltr'>indicatuserat,</span> <span class='ocrx_word' id='word_1_221' title='bbox 581 2044 927 2116; x_wconf 78' lang='lat' dir='ltr'>inustrallorcntiacquaesivi.</span> <span class='ocrx_word' id='word_1_222' title='bbox 948 2045 1180 2105; x_wconf 77' lang='lat' dir='ltr'>indicabaturautea</span> 
     </span>
     <span class='ocr_line' id='line_1_23' title="bbox 125 2123 1179 2200; baseline 0.008 -20"><span class='ocrx_word' id='word_1_223' title='bbox 125 2123 209 2181; x_wconf 88' lang='lat' dir='ltr'>codem</span> <span class='ocrx_word' id='word_1_224' title='bbox 219 2141 318 2182; x_wconf 88' lang='lat' dir='ltr'>numero</span> <span class='ocrx_word' id='word_1_225' title='bbox 329 2128 594 2200; x_wconf 78' lang='lat' dir='ltr'>atpnePliniinatmalis</span> <span class='ocrx_word' id='word_1_226' title='bbox 603 2127 718 2185; x_wconf 87' lang='lat' dir='ltr'>historiae</span> <span class='ocrx_word' id='word_1_227' title='bbox 728 2128 813 2192; x_wconf 80' lang='lat' dir='ltr'>codex,</span> <span class='ocrx_word' id='word_1_228' title='bbox 825 2136 854 2182; x_wconf 91' lang='lat' dir='ltr'>nt</span> <span class='ocrx_word' id='word_1_229' title='bbox 859 2129 965 2183; x_wconf 79' lang='lat' dir='ltr'>nesciam</span> <span class='ocrx_word' id='word_1_230' title='bbox 976 2145 1036 2185; x_wconf 87' lang='lat' dir='ltr'>num</span> <span class='ocrx_word' id='word_1_231' title='bbox 1048 2131 1081 2187; x_wconf 88' lang='lat' dir='ltr'>de</span> <span class='ocrx_word' id='word_1_232' title='bbox 1091 2144 1179 2187; x_wconf 65' lang='lat' dir='ltr'>nummo</span> 
     </span>
     <span class='ocr_line' id='line_1_24' title="bbox 124 2209 1181 2287; baseline 0.006 -24"><span class='ocrx_word' id='word_1_233' title='bbox 124 2209 253 2265; x_wconf 62' lang='lat' dir='ltr'>creverint</span> <span class='ocrx_word' id='word_1_234' title='bbox 270 2211 287 2266; x_wconf 94' lang='lat' dir='ltr'>ii</span> <span class='ocrx_word' id='word_1_235' title='bbox 302 2212 343 2284; x_wconf 90' lang='lat' dir='ltr'>qui</span> <span class='ocrx_word' id='word_1_236' title='bbox 352 2212 444 2268; x_wconf 86' lang='lat' dir='ltr'>indices</span> <span class='ocrx_word' id='word_1_237' title='bbox 454 2213 623 2277; x_wconf 84' lang='lat' dir='ltr'>coniecerunt,</span> <span class='ocrx_word' id='word_1_238' title='bbox 648 2227 678 2267; x_wconf 92' lang='lat' dir='ltr'>an</span> <span class='ocrx_word' id='word_1_239' title='bbox 689 2211 854 2282; x_wconf 89' lang='lat' dir='ltr'>compluribus</span> <span class='ocrx_word' id='word_1_240' title='bbox 870 2211 1018 2268; x_wconf 88' lang='lat' dir='ltr'>membranis</span> <span class='ocrx_word' id='word_1_241' title='bbox 1029 2230 1094 2287; x_wconf 83' lang='lat' dir='ltr'>quos</span> <span class='ocrx_word' id='word_1_242' title='bbox 1108 2213 1181 2270; x_wconf 84' lang='lat' dir='ltr'>inire</span> 
     </span>
     <span class='ocr_line' id='line_1_25' title="bbox 124 2293 1182 2370; baseline 0.005 -23"><span class='ocrx_word' id='word_1_243' title='bbox 124 2293 175 2348; x_wconf 90' lang='lat' dir='ltr'>eins</span> <span class='ocrx_word' id='word_1_244' title='bbox 185 2294 274 2350; x_wconf 90' lang='lat' dir='ltr'>codicis</span> <span class='ocrx_word' id='word_1_245' title='bbox 282 2296 365 2352; x_wconf 77' lang='lat' dir='ltr'>deesse</span> <span class='ocrx_word' id='word_1_246' title='bbox 375 2295 424 2354; x_wconf 78' lang='lat' dir='ltr'>udi</span> <span class='ocrx_word' id='word_1_247' title='bbox 434 2297 534 2369; x_wconf 87' lang='lat' dir='ltr'>perditis</span> <span class='ocrx_word' id='word_1_248' title='bbox 544 2295 662 2368; x_wconf 87' lang='lat' dir='ltr'>epistulae</span> <span class='ocrx_word' id='word_1_249' title='bbox 672 2295 843 2351; x_wconf 81' lang='lat' dir='ltr'>interciderint.</span> <span class='ocrx_word' id='word_1_250' title='bbox 870 2296 936 2352; x_wconf 89' lang='lat' dir='ltr'>etde</span> <span class='ocrx_word' id='word_1_251' title='bbox 948 2303 1028 2353; x_wconf 87' lang='lat' dir='ltr'>aetate</span> <span class='ocrx_word' id='word_1_252' title='bbox 1041 2299 1138 2370; x_wconf 72' lang='lat' dir='ltr'>quidm</span> <span class='ocrx_word' id='word_1_253' title='bbox 1146 2312 1182 2352; x_wconf 88' lang='lat' dir='ltr'>co·</span> 
     </span>
     <span class='ocr_line' id='line_1_26' title="bbox 124 2377 1182 2452; baseline 0.004 -20"><span class='ocrx_word' id='word_1_254' title='bbox 124 2377 183 2434; x_wconf 88' lang='lat' dir='ltr'>dicis</span> <span class='ocrx_word' id='word_1_255' title='bbox 193 2377 395 2438; x_wconf 84' lang='lat' dir='ltr'>bamiussaeculo</span> <span class='ocrx_word' id='word_1_256' title='bbox 406 2383 502 2438; x_wconf 88' lang='lat' dir='ltr'>circiter</span> <span class='ocrx_word' id='word_1_257' title='bbox 515 2396 580 2438; x_wconf 93' lang='lat' dir='ltr'>nono</span> <span class='ocrx_word' id='word_1_258' title='bbox 590 2380 629 2435; x_wconf 84' lang='lat' dir='ltr'>vel</span> <span class='ocrx_word' id='word_1_259' title='bbox 640 2380 750 2448; x_wconf 85' lang='lat' dir='ltr'>decimo,</span> <span class='ocrx_word' id='word_1_260' title='bbox 776 2378 919 2448; x_wconf 86' lang='lat' dir='ltr'>Dorvillins,</span> <span class='ocrx_word' id='word_1_261' title='bbox 936 2396 950 2435; x_wconf 92' lang='lat' dir='ltr'>a</span> <span class='ocrx_word' id='word_1_262' title='bbox 965 2397 1014 2452; x_wconf 86' lang='lat' dir='ltr'>quo</span> <span class='ocrx_word' id='word_1_263' title='bbox 1026 2381 1182 2438; x_wconf 73' lang='lat' dir='ltr'>commemo</span> 
     </span>
     <span class='ocr_line' id='line_1_27' title="bbox 124 2459 1182 2538; baseline 0.005 -20"><span class='ocrx_word' id='word_1_264' title='bbox 124 2459 189 2518; x_wconf 88' lang='lat' dir='ltr'>Gorii</span> <span class='ocrx_word' id='word_1_265' title='bbox 199 2463 298 2521; x_wconf 85' lang='lat' dir='ltr'>schedas</span> <span class='ocrx_word' id='word_1_266' title='bbox 309 2474 434 2538; x_wconf 89' lang='lat' dir='ltr'>acceperat</span> <span class='ocrx_word' id='word_1_267' title='bbox 444 2466 553 2533; x_wconf 87' lang='lat' dir='ltr'>Curtius,</span> <span class='ocrx_word' id='word_1_268' title='bbox 575 2463 1182 2535; x_wconf 72' lang='lat' dir='ltr'>intersaeculumdecimnnrctnndecimnmsorip</span> 
     </span>
    </p>
   </div>
   <div class='ocr_carea' id='block_1_3' title="bbox 21 2547 1181 2620">
    <p class='ocr_par' dir='ltr' id='par_1_3' title="bbox 21 2547 1181 2620">
     <span class='ocr_line' id='line_1_28' title="bbox 21 2547 1181 2620; baseline 0.006 -20"><span class='ocrx_word' id='word_1_269' title='bbox 21 2605 24 2611; x_wconf 61' lang='grc'><em>,</em></span> <span class='ocrx_word' id='word_1_270' title='bbox 121 2553 173 2602; x_wconf 91' lang='lat' dir='ltr'>tum</span> <span class='ocrx_word' id='word_1_271' title='bbox 187 2562 239 2604; x_wconf 78' lang='lat' dir='ltr'>esse</span> <span class='ocrx_word' id='word_1_272' title='bbox 248 2549 335 2606; x_wconf 91' lang='lat' dir='ltr'>librum</span> <span class='ocrx_word' id='word_1_273' title='bbox 349 2551 415 2608; x_wconf 89' lang='lat' dir='ltr'>dicit.</span> <span class='ocrx_word' id='word_1_274' title='bbox 436 2551 569 2620; x_wconf 88' lang='lat' dir='ltr'>scripturae</span> <span class='ocrx_word' id='word_1_275' title='bbox 580 2554 661 2603; x_wconf 85' lang='lat' dir='ltr'>autem</span> <span class='ocrx_word' id='word_1_276' title='bbox 672 2563 701 2603; x_wconf 89' lang='lat' dir='ltr'>ea</span> <span class='ocrx_word' id='word_1_277' title='bbox 712 2553 750 2603; x_wconf 85' lang='lat' dir='ltr'>est</span> <span class='ocrx_word' id='word_1_278' title='bbox 760 2562 817 2603; x_wconf 92' lang='lat' dir='ltr'>cum</span> <span class='ocrx_word' id='word_1_279' title='bbox 827 2547 948 2604; x_wconf 82' lang='lat' dir='ltr'>Marciano</span> <span class='ocrx_word' id='word_1_280' title='bbox 968 2549 1055 2605; x_wconf 88' lang='lat' dir='ltr'>codice</span> <span class='ocrx_word' id='word_1_281' title='bbox 1065 2548 1181 2607; x_wconf 81' lang='lat' dir='ltr'>consentit</span> 
     </span>
    </p>
   </div>
   <div class='ocr_carea' id='block_1_4' title="bbox 113 2631 1183 3543">
    <p class='ocr_par' dir='ltr' id='par_1_4' title="bbox 113 2631 1183 3543">
     <span class='ocr_line' id='line_1_29' title="bbox 120 2631 1182 2706; baseline 0.002 -20"><span class='ocrx_word' id='word_1_282' title='bbox 120 2637 148 2687; x_wconf 90' lang='lat' dir='ltr'>ut</span> <span class='ocrx_word' id='word_1_283' title='bbox 158 2638 199 2688; x_wconf 85' lang='lat' dir='ltr'>ant</span> <span class='ocrx_word' id='word_1_284' title='bbox 208 2648 239 2689; x_wconf 83' lang='lat' dir='ltr'>ex</span> <span class='ocrx_word' id='word_1_285' title='bbox 248 2633 333 2691; x_wconf 80' lang='lat' dir='ltr'>eodem</span> <span class='ocrx_word' id='word_1_286' title='bbox 344 2635 455 2706; x_wconf 86' lang='lat' dir='ltr'>exemplo</span> <span class='ocrx_word' id='word_1_287' title='bbox 467 2639 596 2704; x_wconf 88' lang='lat' dir='ltr'>utrumque</span> <span class='ocrx_word' id='word_1_288' title='bbox 607 2631 754 2704; x_wconf 79' lang='lat' dir='ltr'>descriptum</span> <span class='ocrx_word' id='word_1_289' title='bbox 773 2638 814 2687; x_wconf 91' lang='lat' dir='ltr'>aut</span> <span class='ocrx_word' id='word_1_290' title='bbox 827 2631 1012 2687; x_wconf 85' lang='lat' dir='ltr'>Riccardianum</span> <span class='ocrx_word' id='word_1_291' title='bbox 1029 2634 1128 2690; x_wconf 86' lang='lat' dir='ltr'>alterius</span> <span class='ocrx_word' id='word_1_292' title='bbox 1136 2633 1182 2689; x_wconf 84' lang='lat' dir='ltr'>iou·</span> 
     </span>
     <span class='ocr_line' id='line_1_30' title="bbox 118 2716 1182 2791; baseline 0.003 -21"><span class='ocrx_word' id='word_1_293' title='bbox 118 2731 169 2771; x_wconf 80' lang='lat' dir='ltr'>sem</span> <span class='ocrx_word' id='word_1_294' title='bbox 179 2732 232 2773; x_wconf 84' lang='lat' dir='ltr'>esse</span> <span class='ocrx_word' id='word_1_295' title='bbox 242 2727 363 2791; x_wconf 86' lang='lat' dir='ltr'>appareat.</span> <span class='ocrx_word' id='word_1_296' title='bbox 385 2734 433 2791; x_wconf 79' lang='lat' dir='ltr'>qua</span> <span class='ocrx_word' id='word_1_297' title='bbox 446 2719 508 2773; x_wconf 89' lang='lat' dir='ltr'>inre</span> <span class='ocrx_word' id='word_1_298' title='bbox 521 2732 569 2772; x_wconf 92' lang='lat' dir='ltr'>non</span> <span class='ocrx_word' id='word_1_299' title='bbox 580 2716 818 2786; x_wconf 85' lang='lat' dir='ltr'>praetermittendum</span> <span class='ocrx_word' id='word_1_300' title='bbox 829 2716 947 2788; x_wconf 84' lang='lat' dir='ltr'>estquod,</span> <span class='ocrx_word' id='word_1_301' title='bbox 962 2731 1109 2790; x_wconf 82' lang='lat' dir='ltr'>quamquam</span> <span class='ocrx_word' id='word_1_302' title='bbox 1121 2720 1182 2790; x_wconf 74' lang='lat' dir='ltr'>qud·</span> 
     </span>
     <span class='ocr_line' id='line_1_31' title="bbox 119 2799 1182 2876; baseline 0.002 -22"><span class='ocrx_word' id='word_1_303' title='bbox 119 2806 175 2857; x_wconf 90' lang='lat' dir='ltr'>tuor</span> <span class='ocrx_word' id='word_1_304' title='bbox 189 2809 283 2859; x_wconf 88' lang='lat' dir='ltr'>tantum</span> <span class='ocrx_word' id='word_1_305' title='bbox 298 2802 457 2876; x_wconf 87' lang='lat' dir='ltr'>epistularum</span> <span class='ocrx_word' id='word_1_306' title='bbox 472 2801 527 2857; x_wconf 90' lang='lat' dir='ltr'>libri</span> <span class='ocrx_word' id='word_1_307' title='bbox 543 2815 600 2855; x_wconf 91' lang='lat' dir='ltr'>cnm</span> <span class='ocrx_word' id='word_1_308' title='bbox 615 2806 684 2869; x_wconf 89' lang='lat' dir='ltr'>parte</span> <span class='ocrx_word' id='word_1_309' title='bbox 693 2800 770 2871; x_wconf 87' lang='lat' dir='ltr'>quinti</span> <span class='ocrx_word' id='word_1_310' title='bbox 787 2799 908 2855; x_wconf 90' lang='lat' dir='ltr'>incodicc</span> <span class='ocrx_word' id='word_1_311' title='bbox 922 2800 1007 2870; x_wconf 91' lang='lat' dir='ltr'>scripti</span> <span class='ocrx_word' id='word_1_312' title='bbox 1019 2809 1090 2858; x_wconf 83' lang='lat' dir='ltr'>eraut</span> <span class='ocrx_word' id='word_1_313' title='bbox 1100 2801 1182 2871; x_wconf 77' lang='lat' dir='ltr'>(minut</span> 
     </span>
     <span class='ocr_line' id='line_1_32' title="bbox 118 2881 1182 2961; baseline -0.002 -22"><span class='ocrx_word' id='word_1_314' title='bbox 118 2893 228 2942; x_wconf 84' lang='lat' dir='ltr'>accurate</span> <span class='ocrx_word' id='word_1_315' title='bbox 238 2888 302 2943; x_wconf 88' lang='lat' dir='ltr'>enim</span> <span class='ocrx_word' id='word_1_316' title='bbox 313 2893 428 2961; x_wconf 80' lang='lat' dir='ltr'>plattnor</span> <span class='ocrx_word' id='word_1_317' title='bbox 435 2881 512 2942; x_wconf 91' lang='lat' dir='ltr'>libros</span> <span class='ocrx_word' id='word_1_318' title='bbox 523 2883 705 2954; x_wconf 82' lang='lat' dir='ltr'>dicitLamius),</span> <span class='ocrx_word' id='word_1_319' title='bbox 717 2883 790 2939; x_wconf 79' lang='lat' dir='ltr'>index</span> <span class='ocrx_word' id='word_1_320' title='bbox 799 2889 880 2938; x_wconf 87' lang='lat' dir='ltr'>tamen</span> <span class='ocrx_word' id='word_1_321' title='bbox 888 2883 1055 2954; x_wconf 72' lang='lat' dir='ltr'>epistulam,</span> <span class='ocrx_word' id='word_1_322' title='bbox 1070 2886 1110 2958; x_wconf 89' lang='lat' dir='ltr'>qni</span> <span class='ocrx_word' id='word_1_323' title='bbox 1125 2884 1182 2940; x_wconf 80' lang='lat' dir='ltr'>met</span> 
     </span>
     <span class='ocr_line' id='line_1_33' title="bbox 117 2966 1183 3043; baseline 0.001 -19"><span class='ocrx_word' id='word_1_324' title='bbox 117 2968 192 3026; x_wconf 82' lang='lat' dir='ltr'>fuisse</span> <span class='ocrx_word' id='word_1_325' title='bbox 202 2971 304 3039; x_wconf 81' lang='lat' dir='ltr'>dicitur,</span> <span class='ocrx_word' id='word_1_326' title='bbox 321 2973 403 3043; x_wconf 88' lang='lat' dir='ltr'>inquo</span> <span class='ocrx_word' id='word_1_327' title='bbox 414 2985 472 3025; x_wconf 91' lang='lat' dir='ltr'>cum</span> <span class='ocrx_word' id='word_1_328' title='bbox 482 2967 678 3039; x_wconf 89' lang='lat' dir='ltr'>inscriptionibus</span> <span class='ocrx_word' id='word_1_329' title='bbox 688 2967 844 3038; x_wconf 90' lang='lat' dir='ltr'>epistularum</span> <span class='ocrx_word' id='word_1_330' title='bbox 854 2968 932 3038; x_wconf 90' lang='lat' dir='ltr'>prima</span> <span class='ocrx_word' id='word_1_331' title='bbox 942 2968 1062 3040; x_wconf 77' lang='lat' dir='ltr'>uniusque</span> <span class='ocrx_word' id='word_1_332' title='bbox 1075 2966 1183 3041; x_wconf 78' lang='lat' dir='ltr'>episulac</span> 
     </span>
     <span class='ocr_line' id='line_1_34' title="bbox 118 3048 1181 3126; baseline -0.001 -19"><span class='ocrx_word' id='word_1_333' title='bbox 118 3054 190 3109; x_wconf 89' lang='lat' dir='ltr'>verba</span> <span class='ocrx_word' id='word_1_334' title='bbox 200 3055 303 3112; x_wconf 86' lang='lat' dir='ltr'>indicata</span> <span class='ocrx_word' id='word_1_335' title='bbox 314 3060 403 3119; x_wconf 75' lang='lat' dir='ltr'>essent,</span> <span class='ocrx_word' id='word_1_336' title='bbox 415 3053 446 3109; x_wconf 88' lang='lat' dir='ltr'>ad</span> <span class='ocrx_word' id='word_1_337' title='bbox 456 3051 530 3108; x_wconf 73' lang='lat' dir='ltr'>mem</span> <span class='ocrx_word' id='word_1_338' title='bbox 540 3051 617 3123; x_wconf 81' lang='lat' dir='ltr'>qunti</span> <span class='ocrx_word' id='word_1_339' title='bbox 627 3050 681 3106; x_wconf 86' lang='lat' dir='ltr'>libri</span> <span class='ocrx_word' id='word_1_340' title='bbox 692 3051 810 3107; x_wconf 86' lang='lat' dir='ltr'>deductus</span> <span class='ocrx_word' id='word_1_341' title='bbox 821 3058 879 3107; x_wconf 89' lang='lat' dir='ltr'>erat.</span> <span class='ocrx_word' id='word_1_342' title='bbox 898 3051 962 3107; x_wconf 88' lang='lat' dir='ltr'>unde</span> <span class='ocrx_word' id='word_1_343' title='bbox 972 3051 1133 3126; x_wconf 83' lang='lat' dir='ltr'>intellegitur,</span> <span class='ocrx_word' id='word_1_344' title='bbox 1142 3048 1181 3106; x_wconf 71' lang='lat' dir='ltr'>nbi</span> 
     </span>
     <span class='ocr_line' id='line_1_35' title="bbox 117 3132 1181 3210; baseline -0.005 -17"><span class='ocrx_word' id='word_1_345' title='bbox 117 3138 180 3193; x_wconf 83' lang='lat' dir='ltr'>sorte</span> <span class='ocrx_word' id='word_1_346' title='bbox 198 3154 229 3194; x_wconf 82' lang='lat' dir='ltr'>ex</span> <span class='ocrx_word' id='word_1_347' title='bbox 239 3140 293 3210; x_wconf 84' lang='lat' dir='ltr'>ipso</span> <span class='ocrx_word' id='word_1_348' title='bbox 303 3137 462 3194; x_wconf 84' lang='lat' dir='ltr'>Riccardiano</span> <span class='ocrx_word' id='word_1_349' title='bbox 473 3136 609 3190; x_wconf 80' lang='lat' dir='ltr'>uniuersam</span> <span class='ocrx_word' id='word_1_350' title='bbox 618 3135 718 3205; x_wconf 89' lang='lat' dir='ltr'>stirpem</span> <span class='ocrx_word' id='word_1_351' title='bbox 728 3141 811 3190; x_wconf 89' lang='lat' dir='ltr'>natam</span> <span class='ocrx_word' id='word_1_352' title='bbox 821 3135 1137 3206; x_wconf 81' lang='lat' dir='ltr'>essesnspicarivolnmut‚</span> <span class='ocrx_word' id='word_1_353' title='bbox 1155 3132 1181 3190; x_wconf 86' lang='lat' dir='ltr'>dt</span> 
     </span>
     <span class='ocr_line' id='line_1_36' title="bbox 116 3216 1181 3294; baseline -0.001 -15"><span class='ocrx_word' id='word_1_354' title='bbox 116 3237 164 3294; x_wconf 85' lang='lat' dir='ltr'>quo</span> <span class='ocrx_word' id='word_1_355' title='bbox 172 3229 299 3294; x_wconf 86' lang='lat' dir='ltr'>propteroa</span> <span class='ocrx_word' id='word_1_356' title='bbox 308 3219 374 3294; x_wconf 88' lang='lat' dir='ltr'>qnod</span> <span class='ocrx_word' id='word_1_357' title='bbox 384 3218 461 3275; x_wconf 89' lang='lat' dir='ltr'>oculis</span> <span class='ocrx_word' id='word_1_358' title='bbox 471 3231 586 3288; x_wconf 86' lang='lat' dir='ltr'>usurpare</span> <span class='ocrx_word' id='word_1_359' title='bbox 595 3217 683 3273; x_wconf 90' lang='lat' dir='ltr'>librum</span> <span class='ocrx_word' id='word_1_360' title='bbox 694 3235 743 3275; x_wconf 94' lang='lat' dir='ltr'>non</span> <span class='ocrx_word' id='word_1_361' title='bbox 752 3219 833 3286; x_wconf 87' lang='lat' dir='ltr'>licuit,</span> <span class='ocrx_word' id='word_1_362' title='bbox 845 3219 934 3276; x_wconf 92' lang='lat' dir='ltr'>certius</span> <span class='ocrx_word' id='word_1_363' title='bbox 944 3220 1018 3275; x_wconf 91' lang='lat' dir='ltr'>statui</span> <span class='ocrx_word' id='word_1_364' title='bbox 1029 3222 1128 3294; x_wconf 85' lang='lat' dir='ltr'>nequit,</span> <span class='ocrx_word' id='word_1_365' title='bbox 1137 3216 1181 3291; x_wconf 78' lang='lat' dir='ltr'>pri·</span> 
     </span>
     <span class='ocr_line' id='line_1_37' title="bbox 114 3301 1179 3376; baseline -0.003 -15"><span class='ocrx_word' id='word_1_366' title='bbox 114 3307 218 3361; x_wconf 85' lang='lat' dir='ltr'>marium</span> <span class='ocrx_word' id='word_1_367' title='bbox 229 3305 339 3361; x_wconf 90' lang='lat' dir='ltr'>codicem</span> <span class='ocrx_word' id='word_1_368' title='bbox 349 3319 363 3359; x_wconf 90' lang='lat' dir='ltr'>a</span> <span class='ocrx_word' id='word_1_369' title='bbox 375 3302 486 3375; x_wconf 79' lang='lat' dir='ltr'>diligenti</span> <span class='ocrx_word' id='word_1_370' title='bbox 496 3301 592 3357; x_wconf 89' lang='lat' dir='ltr'>librario</span> <span class='ocrx_word' id='word_1_371' title='bbox 603 3315 743 3372; x_wconf 80' lang='lat' dir='ltr'>expressum</span> <span class='ocrx_word' id='word_1_372' title='bbox 754 3303 813 3359; x_wconf 92' lang='lat' dir='ltr'>olim</span> <span class='ocrx_word' id='word_1_373' title='bbox 823 3304 861 3359; x_wconf 80' lang='lat' dir='ltr'>uel</span> <span class='ocrx_word' id='word_1_374' title='bbox 879 3303 985 3376; x_wconf 82' lang='lat' dir='ltr'>quinque</span> <span class='ocrx_word' id='word_1_375' title='bbox 1004 3303 1082 3362; x_wconf 90' lang='lat' dir='ltr'>libros</span> <span class='ocrx_word' id='word_1_376' title='bbox 1097 3304 1135 3360; x_wconf 84' lang='lat' dir='ltr'>rel</span> <span class='ocrx_word' id='word_1_377' title='bbox 1148 3302 1179 3358; x_wconf 81' lang='lat' dir='ltr'>iu·</span> 
     </span>
     <span class='ocr_line' id='line_1_38' title="bbox 113 3385 1180 3462; baseline 0.003 -19"><span class='ocrx_word' id='word_1_378' title='bbox 113 3397 214 3462; x_wconf 85' lang='lat' dir='ltr'>tegrum</span> <span class='ocrx_word' id='word_1_379' title='bbox 226 3387 383 3458; x_wconf 87' lang='lat' dir='ltr'>epistulanrm</span> <span class='ocrx_word' id='word_1_380' title='bbox 398 3400 526 3442; x_wconf 86' lang='lat' dir='ltr'>numerum</span> <span class='ocrx_word' id='word_1_381' title='bbox 544 3385 703 3451; x_wconf 85' lang='lat' dir='ltr'>continuisse,</span> <span class='ocrx_word' id='word_1_382' title='bbox 727 3386 813 3443; x_wconf 91' lang='lat' dir='ltr'>deinde</span> <span class='ocrx_word' id='word_1_383' title='bbox 834 3388 973 3444; x_wconf 88' lang='lat' dir='ltr'>ultimanrm</span> <span class='ocrx_word' id='word_1_384' title='bbox 994 3389 1180 3446; x_wconf 74' lang='lat' dir='ltr'>membranam</span> 
     </span>
     <span class='ocr_line' id='line_1_39' title="bbox 113 3470 1180 3543; baseline 0 -14"><span class='ocrx_word' id='word_1_385' title='bbox 113 3474 206 3530; x_wconf 83' lang='lat' dir='ltr'>iactura</span> <span class='ocrx_word' id='word_1_386' title='bbox 217 3472 281 3528; x_wconf 86' lang='lat' dir='ltr'>lacta</span> <span class='ocrx_word' id='word_1_387' title='bbox 294 3471 324 3527; x_wconf 92' lang='lat' dir='ltr'>ad</span> <span class='ocrx_word' id='word_1_388' title='bbox 335 3484 391 3527; x_wconf 86' lang='lat' dir='ltr'>eum</span> <span class='ocrx_word' id='word_1_389' title='bbox 400 3470 514 3543; x_wconf 79' lang='lat' dir='ltr'>quinum</span> <span class='ocrx_word' id='word_1_390' title='bbox 524 3475 562 3527; x_wconf 82' lang='lat' dir='ltr'>est</span> <span class='ocrx_word' id='word_1_391' title='bbox 572 3484 700 3526; x_wconf 86' lang='lat' dir='ltr'>nnmerum</span> <span class='ocrx_word' id='word_1_392' title='bbox 710 3470 834 3529; x_wconf 88' lang='lat' dir='ltr'>redactum</span> <span class='ocrx_word' id='word_1_393' title='bbox 844 3487 907 3529; x_wconf 81' lang='lat' dir='ltr'>esse.</span> <span class='ocrx_word' id='word_1_394' title='bbox 926 3471 970 3530; x_wconf 87' lang='lat' dir='ltr'>sed</span> <span class='ocrx_word' id='word_1_395' title='bbox 976 3470 1136 3532; x_wconf 77' lang='lat' dir='ltr'>Riocardiano</span> <span class='ocrx_word' id='word_1_396' title='bbox 1143 3476 1180 3529; x_wconf 84' lang='lat' dir='ltr'>ot·</span> 
     </span>
    </p>
   </div>
   <div class='ocr_carea' id='block_1_5' title="bbox 0 0 1208 3840">
    <p class='ocr_par' dir='ltr' id='par_1_5' title="bbox 0 0 1208 3840">
     <span class='ocr_line' id='line_1_40' title="bbox 0 0 1208 3840; baseline 0 0"><span class='ocrx_word' id='word_1_397' title='bbox 0 0 1208 3840; x_wconf 95' lang='lat' dir='ltr'> </span> 
     </span>
    </p>
   </div>
   <div class='ocr_carea' id='block_1_6' title="bbox 1197 184 1201 1359">
    <p class='ocr_par' dir='ltr' id='par_1_6' title="bbox 1197 184 1201 1359">
     <span class='ocr_line' id='line_1_41' title="bbox 1197 184 1201 1359; baseline 0 0"><span class='ocrx_word' id='word_1_398' title='bbox 1197 184 1201 1359; x_wconf 95' lang='lat' dir='ltr'> </span> 
     </span>
    </p>
   </div>
  </div>
 </body>
</html>
