2400 3840
327 188 591 251 EPISTULARUM
613 189 702 252 Vllll.
725 201 769 256 at.
784 201 882 256 28.29.
1051 193 1112 258 191

103 345 166 406 eius
181 345 210 404 in
225 343 309 404 alium
324 344 398 405 diem
413 352 617 406 reservaverat.
646 343 726 404 llcoe
740 346 823 405 amici
839 346 984 408 cuiusdam
999 357 1138 414 orantes:

70 432 72 436 ”
103 430 350 509 obsecrantesque
364 447 401 489 ne
416 426 526 507 reliqua
540 431 683 488 recitaret.
712 427 816 489 Tantus
837 429 966 491 audiendi
982 450 1054 510 quae
1070 432 1112 492 ie·

104 515 197 575 ocrim
215 513 308 592 pudor
317 513 421 594 quibus
434 512 528 573 nullus
541 512 664 572 faciendi
675 530 749 591 quae
761 513 859 580 audire
871 517 1056 577 embescunt.
1074 516 1112 576 Et

102 596 152 657 illc
169 596 284 676 quidem
300 599 439 678 praestitit
455 595 532 676 quod
546 596 715 675 rogabatur:
731 597 842 658 sinebat
857 598 938 659 fides.
969 600 1054 662 Liber
1071 611 1112 661 ta·

76 700 168 754 suren
182 690 214 741 ut
229 682 335 743 factum
349 684 442 762 ipsum
456 690 561 760 manet,
576 682 700 742 manebit
710 681 882 761 legeturque
894 701 1019 762 semper,
1035 694 1112 746 tanto

101 768 211 846 magis,
236 769 374 846 quianon
395 768 497 826 statim.
532 765 687 827 Incitantur
708 768 781 828 enirn
799 766 927 827 homines
948 769 983 829 ad
1005 786 1112 848 cogno·

102 849 211 912 scendo
227 868 300 931 qnae
316 850 488 911 differuntur.
520 848 601 909 Vale.

539 983 671 1045 xxvtit.

62 1111 94 1164 ,0
386 1083 414 1136 o.
431 1083 556 1135 rutulus
573 1083 708 1135 nomano
725 1084 787 1135 suo
806 1083 832 1133 e.

167 1186 235 1247 Post
251 1185 367 1264 longum
383 1196 495 1267 tempus
507 1188 645 1267 epistulas
659 1198 733 1266 tuas,
750 1187 803 1249 sed
813 1196 872 1247 tres
884 1189 990 1267 pariter
999 1189 1111 1266 recepi,

72 1307 74 1311 -
102 1288 202 1331 omnes
218 1269 446 1349 elegantissimas
462 1274 676 1351 amantissimas,
693 1281 722 1332 ct
731 1271 830 1350 quales
841 1281 894 1332 ate
903 1273 1014 1349 venire,
1030 1289 1112 1350 prae·

102 1357 200 1416 sertim
213 1353 399 1433 desideratas,
416 1357 582 1434 oportebat:
599 1374 715 1433 quarum
730 1373 784 1414 una
797 1357 920 1431 iniungis
933 1354 1000 1414 milri
1013 1356 1110 1414 iucun-

100 1438 247 1500 dissimum
260 1441 445 1500 ministerium
460 1450 491 1500 ut
514 1439 549 1499 ad
563 1438 719 1516 Plotinam,
742 1441 947 1499 sanctissimam
967 1437 1110 1514 feminam,

58 1522 213 1589 15litterae
229 1533 295 1584 tuae
310 1524 505 1604 perferantur:
521 1523 711 1602 perferentur.
735 1521 844 1583 Eadem
859 1521 1040 1582 commendas
1057 1521 1137 1588 Po·2

100 1607 198 1686 pilium
205 1607 403 1669 Artemisium:
418 1611 512 1669 statim
522 1609 651 1687 praestiti
666 1607 742 1687 quod
756 1607 881 1686 petebat.
904 1605 1016 1666 Indicas
1028 1607 1110 1666 etiam

99 1692 226 1752 modicas
242 1701 271 1752 te
289 1691 446 1754 vindemias
469 1692 642 1771 collegisse:
667 1693 821 1752 communis
836 1691 908 1750 haec
923 1690 989 1749 mihi
1004 1699 1111 1772 tecum,

100 1794 268 1855 quamquam
283 1777 310 1836 in
327 1775 520 1837 diversissima
536 1787 617 1857 parte
634 1785 782 1855 terrarum,
799 1773 927 1856 querella
939 1784 993 1836 est.
1013 1773 1139 1840 Altera3

99 1860 224 1939 epistula
242 1863 353 1922 nuntias
373 1860 460 1920 multa
481 1871 511 1922 te
532 1879 607 1921 nunc
629 1860 737 1922 dictare
760 1878 835 1920 nunc
856 1860 985 1920 scribere
1009 1861 1112 1938 quibus

57 1961 153 2014 sonos
168 1944 219 2005 tibi
233 1955 450 2024 repraesentes:
473 1947 578 2022 gratias
602 1961 672 2023 ago;
699 1963 815 2022 agerem
835 1944 941 2020 magis,
964 1945 989 2002 si
1002 1960 1048 2004 me
1064 1943 1113 2005 illa

99 2030 163 2107 ipsa
178 2046 250 2108 quae
267 2030 369 2089 scribis
388 2038 435 2090 aut
457 2028 546 2089 dictas
562 2028 663 2106 legere
678 2027 831 2089 voluisses.
863 2026 901 2086 llt
916 2036 976 2087 crat
991 2045 1112 2105 aequum

99 2121 130 2172 ut
150 2122 181 2172 te
201 2129 264 2174 mea
284 2115 322 2174 ita
344 2131 390 2173 me
412 2122 460 2173 tua
481 2115 587 2192 scripta
608 2128 807 2189 cognoscere,
835 2112 945 2171 etiamsi
972 2111 1007 2171 ad
1027 2109 1112 2171 aliurn

100 2214 183 2275 qnam
198 2196 233 2256 ad
246 2213 292 2257 me
307 2199 492 2277 pertinerent.
521 2195 671 2257 Polliceris
687 2198 715 2255 in
729 2197 801 2272 fine,
821 2212 884 2255 cum
899 2196 1005 2255 certius
1018 2192 1055 2255 de
1069 2197 1138 2257 vi·4

99 2290 146 2343 tae
159 2291 276 2341 nostrae
291 2281 467 2342 ordinatione
490 2280 594 2361 aliquid
616 2281 755 2360 audieris,
778 2281 902 2340 futurum
916 2288 945 2340 te
961 2279 1110 2357 fugitivum

56 2373 90 2427 25
100 2367 142 2425 rei
163 2364 306 2426 familiaris
326 2369 476 2446 statimqne
492 2366 527 2431 ad
542 2383 595 2427 uos
610 2364 819 2442 advolaturum,
837 2366 885 2444 qui
899 2366 953 2425 iam
967 2365 1018 2425 tibi
1034 2382 1111 2424 com-

99 2448 192 2529 pedes
207 2452 364 2528 nectimus,
388 2470 458 2532 quas
479 2450 661 2530 perfringere
683 2450 761 2511 nullo
776 2448 861 2511 modo
876 2451 979 2528 possis.
1015 2448 1137 2510 'lertiao

99 2532 223 2614 epistula
245 2535 409 2595 continebat
433 2553 500 2596 esse
522 2535 573 2596 tibi
595 2534 733 2596 redditam
756 2537 912 2596 orationem
935 2552 988 2613 pro
1010 2532 1109 2594 (llario

99 2635 220 2698 eamque
242 2621 330 2679 visam
349 2620 511 2681 uberiorem
533 2638 615 2699 quam
630 2619 744 2681 dicente
758 2639 821 2698 me,
844 2619 975 2679 audiente
991 2627 1031 2694 te,
1048 2618 1110 2677 fue·

98 2704 144 2763 rit.
179 2701 232 2762 Est
254 2704 384 2765 uberior:
410 2704 497 2765 multa
518 2707 592 2764 enim
613 2714 715 2782 postea
731 2705 847 2765 inserui.
880 2702 981 2762 Adim‘s
997 2701 1066 2761 alias
1080 2710 1110 2760 te

56 2786 209 2850 dolitteras
225 2789 366 2850 curiosius
382 2791 504 2868 scriptas
524 2789 653 2848 misisse:
674 2806 710 2847 an
724 2788 887 2867 acceperim
903 2787 1032 2864 qnaeris:
1053 2802 1111 2844 non

97 2872 200 2950 occepi
222 2881 251 2932 et
272 2875 407 2952 accipere
427 2875 532 2950 gestio.
567 2870 688 2931 Proinde
710 2873 799 2951 prima
821 2887 933 2949 quaque
955 2870 1110 2930 occasione

98 2958 196 3033 mitte,
223 2957 361 3035 adpositis
378 2956 492 3036 quidem
509 2957 620 3032 usuris,
648 2973 718 3033 quas
740 2972 797 3034 ego
816 2954 897 3033 (num
912 2954 1027 3032 parcius
1041 2969 1110 3033 pos·

100 3037 197 3119 sumi)
218 3044 389 3103 centesimas
406 3039 586 3120 computabo.
616 3038 700 3100 Vale.

529 3173 673 3236 xxvtut.

375 3274 403 3328 c.
424 3273 550 3327 ruinius
569 3272 703 3329 ausurco
721 3270 781 3323 suo
801 3269 828 3320 e.

158 3377 197 3439 Ut
212 3380 300 3439 satius
314 3396 400 3437 unum
414 3379 520 3459 aliquid
535 3381 684 3458 insigniter
697 3377 795 3437 facere
810 3393 894 3456 quam
914 3374 1033 3453 plurima
1049 3384 1133 3439 me·1

100 3461 245 3544 diocriter,
257 3465 296 3526 ita
307 3462 427 3546 plurima
436 3463 630 3544 mediocriter,
647 3463 841 3542 sinon-possis
852 3477 937 3522 unutn
949 3458 1054 3541 aliquid
1064 3458 1106 3519 in·
