2400 3840
389 199 652 262 PANEGYltlcUs
672 211 714 262 rs.
722 209 765 263 ra.
773 210 815 265 14.
1042 199 1107 265 att

104 370 155 415 cer
168 354 272 414 virtute
287 354 404 415 militnm
418 364 447 415 et
462 354 569 431 laetus,
592 355 724 431 quotiens
739 363 786 413 aut
802 353 905 414 cassidi
919 363 984 415 tuae
995 363 1043 414 aut
1055 352 1108 413 cli·

104 455 162 517 peo
176 440 292 515 gravior
306 441 380 499 ictus
398 437 553 506 incideret3
579 436 726 515 (laudabas
741 439 848 516 quippe
862 437 1018 514 lerientes,
1039 436 1110 498 hor·

105 521 266 600 tabarisque
281 530 311 582 ut
325 522 478 599 auderent,
496 531 525 581 et
539 519 679 581 audebant
693 519 762 598 iam)
775 537 838 579 cum
849 529 996 599 spectator
1008 519 1107 580 mode·

105 614 237 684 retorque
261 607 412 666 ineuntium
431 607 582 665 certamina
595 607 719 664 virorum
733 621 807 662 arma
823 620 1022 682 componeres,
1049 603 1107 665 tela

80 698 276 768 ttemptares,
298 706 331 749 ac
347 691 372 752 si
388 688 464 768 qnod
477 688 572 749 durius
588 687 739 766 accipienti
753 686 913 763 videretur,
935 687 999 765 ipse
1014 687 1105 747 vibra·

102 791 161 832 res.
191 771 265 846 Quid
280 791 344 833 eum
361 772 496 833 solacium
510 773 615 850 fessis,
631 774 725 850 aegris
741 787 827 849 opem
840 766 955 831 ferres?
977 768 1042 829 Non
1055 771 1106 831 tibi

103 858 189 916 moris
213 864 259 916 tna
280 856 350 917 inire
373 857 510 933 tentoria,
536 856 590 915 nisi
612 854 833 915 commilitonum
853 864 917 916 ante
938 853 1105 932 lustrasset,

103 956 158 997 nec
172 941 300 1019 requiem
319 943 433 1020 corpori
448 941 502 1001 nisi
524 947 590 1017 post
607 956 705 999 omnes
720 938 798 998 darc.
832 937 892 998 lluc
905 937 973 998 mihi
989 936 1106 997 admira-

104 1023 180 1084 tione
195 1023 297 1101 dignus
311 1027 464 1103 imperator
475 1041 531 1083 non
543 1021 704 1101 videretur,
719 1023 744 1082 si
757 1023 831 1081 inter
840 1021 986 1083 Fabricios
1002 1031 1032 1082 ct
1043 1021 1106 1081 Sci·

62 1108 205 1185 lopiones
220 1117 249 1167 et
265 1105 399 1169 Camillos
414 1107 478 1169 talis
494 1117 582 1168 esset.
611 1106 691 1167 Tunc
706 1106 780 1166 enirn
793 1103 872 1165 illum
884 1105 1046 1166 imitationis
1062 1123 1105 1164 ar·

102 1189 154 1249 dor
168 1208 339 1269 semperque
354 1190 454 1252 melior
468 1191 570 1271 aliquis
588 1191 770 1253 accenderet.
793 1188 945 1267 Postquam
960 1205 1030 1248 vero
1047 1196 1105 1248 stu·
1149 1237 1154 1246 .

102 1272 177 1332 dium
195 1290 335 1333 armorum
354 1293 371 1335 u
388 1277 516 1335 manibus
536 1274 572 1335 ad
593 1274 712 1351 oculos,
737 1272 773 1332 ad
786 1271 960 1351 uoluptatem
974 1289 990 1332 a
1004 1271 1103 1332 labore

101 1354 264 1417 translatum
278 1365 337 1426 est3
359 1368 510 1436 postquam
532 1356 783 1417 exercitationibus
803 1356 907 1415 nostris
922 1371 979 1414 non
992 1364 1103 1415 vetera·

102 1456 202 1498 norum
216 1439 333 1517 aliquis,
352 1441 397 1499 cui
409 1440 498 1501 decus
509 1439 622 1500 muralis
633 1448 681 1501 aut
693 1439 800 1515 civica,
818 1437 1033 1498 sedGraeculus
1046 1455 1103 1497 ma·

61 1536 92 1586 15
103 1525 193 1601 gistcr
211 1522 337 1584 adsistit:
363 1540 446 1602 quam
464 1540 594 1600 magnum
614 1531 675 1601 est,
701 1537 785 1581 unum
805 1539 843 1580 ex
863 1521 991 1583 omnibus
1010 1522 1102 1599 patrio

102 1625 199 1685 more,
217 1609 307 1686 patria
320 1608 423 1668 virtute
437 1605 551 1684 laetari,
564 1616 594 1667 et
607 1607 669 1666 sine
685 1603 813 1683 aemulo,
829 1606 890 1664 sine
908 1603 1040 1684 exemplo
1056 1621 1103 1664 se·

103 1708 167 1750 curn
183 1701 310 1769 certare,
333 1708 432 1752 secum
447 1690 643 1765 contendere,
664 1706 698 1749 ac
712 1688 787 1749 sieut
803 1690 921 1766 imperat
935 1687 1032 1767 solus,
1054 1703 1103 1748 so·

102 1774 158 1833 lum
172 1776 209 1834 ita
230 1793 297 1835 esse
313 1777 360 1854 qui
376 1774 479 1835 debeat
492 1772 650 1852 imperare!
673 1830 677 1837 ,
693 1770 759 1832 Non
772 1771 942 1834 incunabula
955 1771 1028 1832 haec
1039 1771 1101 1851 tibi,
1114 1772 1156 1837 14

103 1855 224 1936 Gaesar,
242 1868 271 1918 et
286 1858 458 1937 rudimenta,
475 1875 538 1917 cum
554 1875 625 1936 puer
639 1856 787 1917 admodum
799 1855 928 1916 Parthica
942 1855 1022 1916 lauro
1037 1855 1102 1934 glo·

59 1953 93 2003 20
101 1942 168 2000 riam
184 1944 271 2020 patris
292 1960 414 2020 ungeres
435 1959 595 2020 nomenque
614 1939 772 2001 Germanici
792 1940 847 1998 iam
866 1948 924 1999 tum
944 1957 1101 2017 mererere,

101 2042 165 2083 eum
178 2024 315 2084 ferociam
336 2026 556 2104 superbiamque
577 2024 759 2084 harbarorum
779 2041 817 2083 ex
838 2023 969 2102 proximo
993 2020 1102 2082 auditus

100 2125 200 2184 magno
221 2118 332 2167 terrore
354 2108 521 2185 cohiberes,
547 2107 735 2186 Rhenumque
757 2114 786 2166 et
800 2104 965 2185 Euphraten
986 2105 1108 2166 admira-

99 2191 183 2250 tionis
206 2200 271 2251 tuac
293 2192 431 2252 societate
454 2187 664 2269 coniungeres?
693 2209 757 2251 oum
778 2190 877 2250 orbem
895 2199 1032 2250 terrarum
1045 2207 1103 2250 non

99 2272 221 2352 pedibus
242 2276 331 2351 magis
353 2293 434 2354 qnam
455 2274 583 2335 laudibus
602 2292 789 2354 peragram,
817 2273 893 2352 apud
916 2291 967 2333 eos
988 2290 1103 2351 semper

57 2359 188 2422 eemaior
202 2366 231 2417 et
247 2356 349 2418 clarior
363 2359 465 2437 quibus
480 2367 583 2438 postea
599 2354 795 2436 contigisses?
822 2357 860 2418 Et
874 2357 996 2418 necdum
1011 2359 1102 2434 impe·

99 2450 191 2518 rator,
207 2442 329 2501 necdum
344 2442 390 2502 dei
406 2441 478 2502 tilius
493 2461 568 2504 eras.
592 2440 767 2504 Germaniam
780 2439 1021 2520 Hispaniamque
1038 2457 1102 2500 cnm

98 2523 235 2602 plurimae
250 2535 353 2603 gentes
368 2545 402 2586 ac
417 2543 510 2606 prope
520 2526 625 2587 inlinita
635 2527 751 2588 vastitas
766 2525 958 2586 interiacentis
974 2522 1029 2585 soli
1044 2531 1102 2583 tum

99 2607 277 2687 Pyrenaeus,
293 2609 402 2689 Alpes,
417 2612 594 2691 inmensique
608 2609 655 2673 alii
669 2618 797 2687 montes,
819 2609 873 2669 nisi
884 2608 929 2669 his
944 2625 1102 2686 conparen-

99 2698 160 2767 tur,
181 2694 306 2754 muniunt
321 2694 518 2775 dirimuntque.
552 2695 607 2756 Per
624 2694 681 2755 hoe
696 2712 778 2754 omne
795 2694 915 2771 spatium
932 2708 995 2751 cum
1009 2690 1101 2768 legio-

56 2789 151 2844 30nes
166 2774 287 2834 duceres
304 2795 355 2836 seu
369 2780 464 2856 potius
479 2780 570 2857 (tanta
584 2777 723 2837 velocitas
739 2782 813 2851 erat)
830 2793 964 2853 raperes,
980 2791 1101 2835 nonve·

100 2856 224 2917 hiculnm
238 2876 384 2937 umquam,
398 2878 455 2919 non
472 2878 577 2940 equum
588 2859 752 2936 respexisti.
781 2857 867 2917 Leuis
881 2857 945 2934 hic,
963 2875 1019 2917 non
1034 2856 1101 2917 sub-

100 2942 204 3001 sidium
214 2941 324 3002 itineris
339 2943 391 3003 sed
407 2943 512 3019 decus,
540 2951 569 3002 et
589 2958 653 3001 cum
674 2942 785 3002 ceteris
799 2941 1042 3020 subsequebatur,
1069 2949 1101 3001 ut

101 3026 180 3084 cuins
194 3024 288 3086 nullus
305 3025 354 3086 tibi
369 3043 454 3102 usus,
470 3027 523 3085 nisi
540 3042 602 3084 cum
617 3024 661 3084 die
677 3026 842 3086 stativorum
852 3026 1010 3103 proximum
1025 3042 1100 3085 cam·

99 3127 165 3186 pum
183 3107 327 3170 alacritate
343 3109 473 3171 discursu
486 3107 606 3187 pulvere
620 3107 777 3169 attolleres.
805 3108 916 3169 Initium
930 3107 1035 3170 laboris
1049 3110 1100 3168 mi·

54 3201 89 3254 35
98 3211 145 3252 rer
159 3211 194 3252 an
210 3189 314 3252 linemi
334 3191 452 3253 blnltum
466 3202 511 3254 est
526 3192 602 3273 quod
614 3193 823 3271 perseverasti,
840 3191 904 3271 plns
916 3202 1008 3253 tamen
1024 3191 1100 3271 quod

98 3295 154 3336 non
168 3277 284 3338 timuisti
299 3295 335 3336 ne
350 3295 539 3356 perseverare
556 3295 613 3337 non
628 3294 743 3355 posses.
771 3275 834 3337 Nec
856 3277 953 3337 dubito
968 3277 1034 3355 quin
1049 3272 1101 3334 ille

99 3362 145 3437 qni
161 3369 189 3421 te
205 3362 280 3421 inter
299 3360 346 3422 illa
362 3359 526 3422 Germaniae
542 3360 618 3422 bella
637 3361 672 3421 ab
686 3360 820 3440 Hispania
835 3379 925 3439 nsque
940 3369 970 3420 nt
984 3356 1100 3419 validis·

97 3444 196 3502 simum
216 3445 388 3524 praesidium
409 3445 571 3525 exciverat,
601 3447 678 3506 iners
698 3447 761 3524 ipss
777 3444 935 3523 alienisque
950 3441 1102 3502 uirtmibus
