2400 3840
115 165 177 228 126
539 157 570 220 G.
593 156 690 218 PLlNl

115 318 226 377 rissime
243 311 373 373 similium
387 312 431 373 sui
447 311 539 372 iaciat.
571 309 662 383 Quam
676 309 745 370 felix
760 319 874 389 tempus
888 309 957 370 illud
979 327 1034 389 quo
1052 309 1106 370 mihi
1179 301 1190 340 ¹³

115 400 223 460 liberos
236 396 330 474 illius,
352 404 475 476 nepotes
490 405 573 473 tuos,
595 403 625 455 ut
639 410 721 454 meos
735 393 784 454 vel
799 392 910 455 liberos
924 391 973 454 rel
987 403 1107 474 nepotes,
1181 383 1190 460 f

116 502 152 543 en
172 491 271 543 vestro
299 482 360 541 sinu
384 498 497 542 sumere
519 488 549 540 et
570 480 650 557 quasi
672 479 732 556 pari
759 479 821 538 iure
841 487 943 540 tenere
965 476 1109 557 continget!
1153 506 1157 519 ·
1183 469 1190 506 ³

115 566 195 627 Vale.
1184 627 1186 635 ,

560 695 677 757 xxvn.
1118 661 1129 711 ⁵

406 799 432 848 G.
450 797 576 849 PLINIUS
591 795 717 846 SEVERO
736 795 796 847 SUO
814 795 841 850 S.

92 919 106 970 1
180 904 277 981 Rogas
293 913 323 962 ιι
339 903 463 978 cogitem
479 901 546 979 quid
558 899 722 977 designatus
739 897 841 960 consul
856 901 886 959 ln
900 899 1040 960 honorem
1050 901 1113 978 priu-

119 990 190 1066 cipis
215 1004 345 1045 censeas.
382 982 484 1044 Facilis
505 985 648 1059 inventio,
670 1000 726 1042 non
739 982 833 1045 facilis
849 983 973 1053 electio;
994 992 1038 1044 est
1051 985 1115 1044 enin

118 1091 154 1131 ex
164 1069 313 1129 virtutibus
325 1069 386 1127 eius
402 1066 479 1142 larga
494 1069 623 1126 materia:
639 1067 760 1127 scribam
771 1075 864 1127 tamen
875 1067 935 1144 vel,
953 1067 1029 1146 quod
1039 1065 1145 1142 malo,lt

117 1169 212 1213 coram
231 1150 379 1228 indicabo,
398 1151 422 1208 si
439 1151 517 1227 prius
532 1149 746 1210 haesitationem
760 1167 852 1211 meam
866 1150 1033 1216 ostendero.
1064 1149 1115 1210 llu-

89 1238 175 1302 abitu
191 1253 256 1295 num
272 1235 347 1296 idem
361 1235 412 1296 tibi
427 1235 547 1296 suadere
563 1233 640 1314 quod
650 1235 716 1294 mihi
728 1234 857 1295 debeam.
880 1233 1057 1312 Designatus
1068 1251 1116 1312 ego

119 1320 219 1383 consul
236 1321 310 1380 omni
324 1319 396 1398 hac,
421 1322 475 1380 etsi
491 1337 546 1379 non
562 1318 740 1396 adulatione,
761 1321 864 1398 specie
880 1327 975 1380 umen
991 1317 1118 1380 adulatio·

116 1409 160 1467 nis
176 1406 311 1475 abstinui;
333 1421 390 1465 non
404 1413 544 1483 tamquam
559 1403 676 1463 liberet
693 1412 843 1481 constans,
860 1402 914 1464 sed
928 1411 1070 1483 tamquam
1082 1405 1118 1462 io·

117 1490 261 1568 tellegens
283 1491 420 1569 principis
440 1490 547 1566 nostri,
575 1491 655 1548 cuius
676 1486 808 1547 videbam
828 1487 902 1547 hanc
923 1504 993 1547 esse
1014 1484 1149 1566 praeci-15
1180 1540 1183 1549 .

91 1583 201 1654 3puam
215 1573 344 1648 laudem,
366 1577 390 1631 si
410 1571 478 1631 nihil
500 1574 580 1651 quasi
601 1590 638 1632 ex
652 1574 825 1632 necessitate
839 1570 1037 1632 decernerem.
1067 1571 1120 1632 lle·

120 1657 258 1718 cordabar
278 1657 362 1716 etiam
384 1654 521 1733 plurimos
543 1655 667 1716 honores
690 1658 816 1734 pessimo
839 1657 943 1734 cuique
959 1655 1120 1734 delatos,a

119 1740 221 1817 quibus
238 1739 284 1796 hic
301 1740 424 1816 optimus
447 1741 573 1818 separari
593 1757 650 1802 non
670 1739 726 1800 alio
744 1741 834 1816 magis
849 1749 965 1818 poterat
987 1759 1070 1820 quam
1083 1739 1119 1798 di·

117 1823 254 1883 versitate
277 1820 427 1890 censendi;
453 1822 529 1902 quod
544 1825 637 1902 ipsum
653 1842 709 1883 non
725 1823 947 1885 dissimulatione
965 1833 995 1885 et
1010 1823 1119 1884 silentio

117 1907 269 1985 praeterii,
294 1925 330 1966 ne
351 1906 427 1966 forte
442 1925 499 1967 non
513 1909 646 1968 iudicium
660 1907 729 1967 illud
745 1925 838 1968 meum
853 1907 907 1969 sed
923 1908 1032 1970 oblivio
1046 1907 1153 1969 vide-ao

92 1996 205 2051 iretur.
238 1989 300 2052 Hoc
322 2000 388 2052 tunc
410 2010 481 2069 ego:
508 1991 560 2053 sed
580 2010 637 2052 non
659 1991 788 2052 omnibus
809 1991 910 2053 eadem
931 1992 1050 2073 placent
1069 2009 1120 2053 nec

119 2078 290 2137 conveniunt
305 2077 427 2155 quidem.
460 2077 611 2138 Praeterea
623 2075 744 2136 faciendi
755 2075 861 2154 aliquid
872 2075 921 2136 vel
933 2095 991 2137 non
1003 2075 1119 2138 lactendi

117 2180 186 2222 vera
200 2163 272 2222 ratio
295 2179 359 2221 cum
378 2161 519 2221 hominnm
540 2165 667 2239 ipsorum
682 2168 739 2219 turn
753 2177 848 2219 rerum
864 2163 948 2221 etiarn
963 2180 999 2221 ac
1014 2171 1120 2240 tempo·

92 2241 180 2304 '5rnm
196 2245 358 2304 conditione
373 2254 501 2303 mutatur.
527 2243 599 2304 Nam
613 2245 740 2305 recentia
754 2262 841 2323 opera
856 2247 970 2305 maximi
986 2247 1121 2326 principis

119 2326 256 2404 praebent
273 2325 436 2385 facultatem
456 2345 529 2388 nova
554 2347 653 2406 magna
680 2346 749 2390 vera
770 2329 917 2389 censendi.
953 2328 1064 2403 Quibus
1084 2339 1154 2391 exit

120 2411 230 2486 causis,
251 2419 282 2469 ut
303 2427 389 2488 supra
409 2413 529 2491 scripsi,
553 2412 650 2473 dubito
668 2431 704 2472 an
717 2412 793 2472 idem
807 2432 883 2474 nunc
896 2415 948 2474 tibi
965 2415 1042 2496 qnod
1056 2425 1121 2476 tunc

118 2493 184 2551 mihi
206 2492 345 2553 suadeam.
377 2492 450 2554 lllud
469 2513 526 2555 non
548 2496 645 2557 dubito
661 2495 796 2558 debuisse
811 2517 856 2559 me
871 2501 900 2558 in
914 2509 998 2578 parte
1014 2499 1122 2561 consilii

117 2579 158 2637 tui
173 2593 283 2656 ponere
298 2577 364 2656 quid
379 2579 442 2657 ipse
456 2579 601 2640 fecissem.
632 2578 712 2641 Vale.

550 2714 682 2775 XXVIII.

407 2811 435 2865 c.
452 2813 576 2864 rnrnros
591 2812 708 2865 Ponrro
725 2813 786 2864 suo
805 2813 832 2863 s.

92 2924 107 2976 l
179 2914 246 2974 Scio
268 2933 340 2993 quae
361 2916 412 2976 tibi
433 2918 622 2979 consuluerit
643 2917 844 2996 impedimento
866 2935 923 2996 quo
937 2921 1030 2980 minus
1042 2936 1121 2999 prae·

119 3015 235 3057 currere
252 2998 401 3060 adventum
416 3019 509 3061 meum
519 3003 547 3060 in
559 2999 737 3080 Campaniam
752 3018 872 3079 posses:
887 3001 940 3061 sed
958 3019 1123 3082 quamquam

119 3081 234 3157 absens,
251 3091 327 3144 totus
342 3084 399 3145 huc
413 3087 553 3162 migrasti:
573 3094 679 3146 tantum
692 3086 758 3145 mihi
774 3088 919 3166 copiarum
934 3105 991 3166 qna
1006 3088 1122 3147 urbana-

118 3184 180 3227 rum
203 3184 258 3245 qua
280 3170 448 3229 rusticarum
468 3171 580 3230 nomine
600 3179 648 3230 tuo
665 3170 788 3230 oblatum
803 3179 865 3247 est,
887 3189 958 3248 quas
976 3175 1066 3233 omnis
1081 3172 1158 3232 inti

20 3300 51 3337 χ
91 3251 209 3330 ιριοιιο
229 3255 331 3331 accepi
350 3262 451 3314 tamen.
485 3253 556 3313 Num
578 3263 607 3314 et
627 3254 666 3312 tui
686 3263 717 3314 ut
738 3257 776 3314 ita
795 3254 924 3315 iacerem
939 3258 1079 3335 rogabant
1094 3263 1124 3314 et

54 3339 71 3351 “·
86 3346 89 3349 ’
116 3335 238 3396 verebar
251 3354 289 3396 ne
304 3345 334 3396 et
348 3336 415 3396 mihi
429 3345 458 3398 et
473 3337 529 3399 ibis
545 3339 722 3416 irascereris,
737 3339 763 3399 si
777 3356 834 3399 non
849 3339 995 3400 fecissem.
1024 3339 1055 3400 ln
1070 3355 1121 3417 po·

117 3427 240 3498 uterum,
256 3419 310 3479 nisi
324 3418 484 3480 adhibueris
499 3421 628 3501 modum,
645 3438 704 3499 ego·
718 3422 870 3486 adhibebo.
894 3422 988 3485 Etiam
1003 3426 1057 3499 tuis
1073 3422 1122 3483 de·

1128 2765 1157 2818 30
