2400 3840
394 211 820 279 PANEGYttlcttso.1o.11.
1043 214 1105 278 245

97 362 155 427 tri?
176 364 231 425 Ubi
247 363 349 424 deinde
364 363 535 444 disciplina?
550 367 598 426 ubi
610 383 671 426 mos
683 384 699 426 a
710 367 862 428 maioribus
873 367 1001 447 traditus,
1016 368 1105 447 quod·

98 466 220 529 cumque
235 449 390 528 imperator
404 468 505 510 munus
526 451 705 528 iniungeret,
731 467 824 528 aequo
840 453 931 512 animo
948 462 1105 532 paratoque

99 529 260 595 subeundi?
298 531 372 605 Quid
393 533 484 610 enim,
505 536 530 594 si
544 535 704 633 prouincias
723 551 760 593 ex
773 536 946 612 provinciis,
970 536 1105 598 exbellis

98 616 174 678 bella
189 613 353 677 mandaret?
385 615 496 678 Eodem
511 616 589 677 illum
604 618 645 678 uti
662 619 744 694 iure,
767 635 831 677 cum
846 619 905 679 ad
897 622 1046 697 imperium
1060 639 1104 681 re·

75 705 202 777 evocet,
218 717 276 779 quo
292 702 329 761 sit
344 718 430 778 usus,
448 718 512 761 cum
526 701 561 761 ad
573 703 729 761 exercitum
741 702 849 763 miserit
855 702 1028 801 ,nihilque'
1019 713 1106 764 rnter-

98 803 165 845 esse
180 786 223 845 ire
244 783 371 862 legatum
385 803 421 845 an
435 784 530 846 redire
546 786 705 884 principem
719 784 832 863 iubeat,
858 787 911 846 nisi
927 787 1004 866 quod
1017 788 1106 847 maior

97 870 135 930 sit
150 868 282 965 obsequii
296 868 410 946 gloria'
401 888 430 928 ιιι
445 887 481 929 ιο
497 868 574 949 quod
588 870 652 948 quis
667 871 757 929 minus
777 869 857 930 velit.
901 869 1036 948 Augebat
1056 889 1104 931 au·
1117 865 1157 928 10

99 952 258 1012 claritatem
277 953 428 1013 iubentis'
418 972 448 1013 tn
469 971 606 1015 summum
630 940 817 1015 discrimen
801 941 955 1015 auctoritas
979 955 1041 1015 eius
1058 955 1105 1014 ad·

97 1036 181 1096 ducta
183 1045 295 1114 ,utque
309 1038 399 1114 magis
414 1037 587 1117 parendum
579 1038 726 1114 imperanti
738 1047 854 1114 putares
868 1057 885 1099 e
886 1038 1046 1099 lliciebatur
1058 1055 1105 1116 eo,

58 1119 175 1200 loquod
189 1119 224 1179 ab
240 1119 302 1181 aliis
318 1123 409 1182 minus
427 1121 587 1200 parebatur.
623 1119 670 1181 Ad
689 1120 747 1181 boc
768 1121 904 1183 audiebas
921 1130 1037 1183 senatus
1053 1139 1105 1201 po·

97 1202 215 1283 pulique
234 1222 413 1264 consensum.
432 1203 497 1266 Non
511 1207 592 1265 unius
607 1202 721 1265 Nervae
736 1204 868 1265 iudicium
883 1205 971 1283 illud,
986 1204 1035 1266 illa
1046 1204 1106 1266 ele·

99 1289 157 1347 ctio
172 1286 234 1345 luit.
254 1285 324 1347 Nam
335 1287 384 1366 qui
395 1287 501 1367 ubique
517 1297 581 1348 sunt
591 1286 721 1350 homines
735 1288 793 1348 boc
807 1288 882 1349 idem
896 1292 972 1349 votis
986 1298 1105 1367 expete-

99 1371 179 1445 baut;
205 1368 256 1428 ille
281 1379 386 1430 tantum
406 1373 467 1431 iure
489 1373 626 1450 principis
650 1373 821 1449 occupavit,
847 1373 1011 1450 primusque
1036 1372 1107 1432 lecit

99 1453 177 1533 quod
189 1452 291 1513 facturi
306 1471 405 1515 ornnes
420 1464 509 1514 erant.
529 1453 593 1513 Nec
603 1451 729 1514 Hercule
745 1461 822 1516 tanto
836 1470 927 1532 opere
941 1456 1051 1515 cunctis
1064 1455 1105 1515 la·

59 1539 90 1591 15
100 1547 176 1598 ctum
189 1536 336 1616 placeret,
356 1538 410 1597 ιιιιι
426 1536 584 1615 placuisset
598 1542 763 1615 antequam
784 1536 875 1598 lieret.
908 1537 947 1598 At
968 1555 1041 1616 quo,
1064 1537 1101 1597 dii

99 1622 184 1696 boni,
207 1630 432 1700 temperamento
452 1629 623 1700 potestatem
639 1629 714 1680 tuam
730 1619 927 1700 fortunamque
940 1621 1104 1682 moderatus

100 1704 147 1766 es!
171 1703 330 1783 Imperator
350 1715 379 1766 tu
395 1704 484 1765 titulis
502 1714 531 1764 et
546 1705 713 1782 imaginibus
729 1713 759 1766 et
774 1706 880 1783 signis,
902 1714 1030 1766 ceterum
1044 1722 1105 1766 mo·

100 1789 192 1848 destia
212 1787 311 1859 labore
331 1788 476 1867 vigilantia
495 1788 552 1849 dux
572 1798 601 1850 et
616 1786 728 1866 legatus
743 1797 773 1849 et
786 1788 886 1866 miles,
913 1807 976 1850 cum
990 1790 1044 1849 iam
1059 1798 1106 1849 tua

99 1871 221 1948 vexilla,
238 1880 300 1932 tuas
314 1873 423 1951 aquilas
435 1889 538 1949 magno
551 1873 639 1950 gradu
651 1874 790 1949 anteires,
807 1891 903 1951 neque
918 1872 992 1934 aliud
1006 1873 1055 1933 tibi
1069 1891 1105 1932 ex

57 1963 91 2014 20
99 1955 147 2015 illa
159 1956 313 2033 adoptione
326 1975 408 2035 quam
418 1957 467 2016 filii
478 1958 631 2034 pietatem,
643 1954 691 2015 dlii
705 1956 872 2035 obsequium
884 1956 1035 2017 adsereres
1043 1957 1105 2016 lon·

98 2038 548 2117 gamquebuicnominiaetatem,
566 2038 680 2117 longam
694 2038 813 2116 gloriam
827 2057 991 2118 precarere.
1009 2038 1105 2101 lenate

99 2122 277 2207 providentia
288 2122 406 2183 deorum
415 2141 534 2202 primum
543 2142 571 2183 tn
580 2122 674 2183 locum
683 2132 870 2201 provexerat
879 2131 908 2182 tu
917 2121 1028 2182 adbuc
1019 2142 1048 2183 ιιι
1059 2141 1104 2184 ιι

99 2194 357 2267 οιιιιιῖιιιιιιιιι
352 2215 436 2286 atque
450 2208 534 2268 etiam
543 2225 700 2268 senescere
715 2207 847 2285 optabas.
863 2208 988 2285 privatus
997 2206 1048 2266 tibi
1063 2208 1105 2266 ai·

100 2290 212 2350 deberis
227 2308 309 2369 quam
324 2291 371 2352 diu
385 2293 539 2370 imperator
547 2299 577 2350 et
590 2289 661 2351 alius
671 2299 759 2352 esset.
773 2289 877 2352 Audita
891 2300 956 2351 sunt
969 2299 1037 2351 vota
1046 2300 1104 2366 tua,

56 2373 189 2438 aasedin
199 2383 330 2452 quantum
340 2376 446 2454 optimo
461 2373 727 2436 illietsanctissimo
738 2392 801 2436 sent
793 2373 958 2452 utilescit,
975 2392 1058 2452 quem
1069 2373 1106 2433 dii

99 2457 181 2518 caelo
193 2457 417 2536 vindicaverunt,
429 2477 466 2519 ne
481 2460 546 2537 quid
561 2467 628 2539 post
642 2458 711 2519 illud
726 2459 848 2518 divinum
859 2457 1052 2529 etinrnortale
1063 2457 1105 2519 la·

100 2550 176 2601 otum
184 2542 303 2603 mortale
312 2543 431 2604 iaceret
446 2543 556 2604 Deberi
564 2545 671 2623 quippe
679 2545 800 2604 maximo
813 2544 895 2643 operi
906 2541 979 2603 banc
987 2560 1105 2602 venera·

99 2626 217 2704 tionem,
235 2637 265 2688 ut
279 2628 463 2689 novissimum
477 2635 556 2687 esset
564 2636 798 2706 ,auctoremque
813 2628 875 2688 eins
893 2629 993 2705 statim
1003 2644 1106 2686 conse·

100 2707 249 2786 orandum,
265 2719 296 2770 ut
310 2710 480 2791 quandoque
495 2713 569 2771 inter
583 2720 717 2810 posteros
733 2715 921 2790 quaereretur
926 2728 961 2769 an
960 2694 1061 2769 illud'
1052 2726 1106 2767 ram

56 2794 91 2848 30
100 2790 170 2850 deus
187 2755 317 2854 ιιιιιιιι.
333 2792 375 2855 lta
386 2794 435 2855 ille
450 2794 527 2855 nullo
540 2797 630 2871 magis
640 2796 752 2854 nomine
764 2793 896 2872 publicus
907 2810 1011 2869 paraus
1023 2809 1105 2870 quam

99 2877 164 2954 quia
174 2881 248 2936 tuus.
268 2875 499 2974 Ingensglon'a
490 2895 650 2954 ingensque
664 2876 754 2953 fama,
769 2894 833 2936 cum
842 2875 952 2936 abunde
969 2884 1105 2953 expertus

99 2966 179 3018 esset
194 2976 276 3037 quam
291 2960 479 3037 beneurueris
494 2962 551 3021 tuis
566 2959 705 3021 sederet
696 2960 860 3036 imperium,
876 2959 925 3018 tibi
941 2968 1049 3036 terras,
1077 2966 1105 3018 tc
1129 2954 1143 3001 ³³⁵¹
1178 2976 1184 2991 ²

99 3043 183 3101 terris
192 3040 320 3119 reliquit:
337 3062 372 3104 eo
382 3045 448 3123 ipso
461 3061 543 3104 carus
556 3042 685 3104 omnibus
694 3062 729 3103 ac
742 3042 943 3103 desiderandus
952 3042 1029 3121 quod
1038 3058 1104 3120 pro·

99 3134 276 3204 spexeratne
288 3126 506 3188 desideraretur.
518 3126 609 3200 Quem
620 3137 649 3188 tu
659 3127 782 3188 lacrimis
791 3127 919 3205 priunum,
929 3127 967 3186 ita
977 3135 1007 3186 ut
1019 3124 1104 3185 lilium
1117 3129 1156 3195 ll

56 3217 90 3276 35
98 3208 205 3286 decuit,
219 3227 286 3270 mox
295 3210 412 3288 templis
423 3211 592 3287 honestasti,
607 3229 663 3271 non
675 3213 795 3271 imitatus
807 3208 872 3269 illos
886 3211 933 3288 qui
946 3209 1002 3270 hoc
1017 3209 1102 3285 idem,

99 3293 151 3353 sed
167 3293 220 3354 alia
233 3303 328 3354 mente
343 3294 481 3354 fecerunt.
513 3295 626 3355 Dicavit
640 3292 1035 3373 caeloTiberiusllugustum,
1051 3290 1105 3353 scd

99 3387 131 3436 ut
146 3378 300 3439 maiestatis
317 3379 424 3439 crimen
438 3379 596 3455 induceret,
614 3375 760 3437 Claudiurn
774 3374 870 3455 Nero,
888 3377 941 3438 sed
955 3384 986 3436 ut
1000 3375 1104 3436 inride-

99 3468 159 3538 ret,
182 3460 389 3541 Vespasianum
403 3461 499 3542 Titus,
520 3463 695 3522 Domitianus
714 3458 823 3540 Titum,
850 3460 903 3521 ιιι
917 3459 985 3537 ille,
1012 3470 1041 3523 ut
1058 3459 1104 3520 ιιι
