2400 3848
413 207 674 270 EPISTULARUM
688 208 737 268 III.
761 220 786 273 6.
1062 211 1104 272 49

101 362 134 422 ln
147 363 248 422 itinere
264 362 344 440 quasi
359 361 468 422 solutus
483 361 586 421 ceteris
602 363 677 422 curis
692 360 758 420 huic
772 363 818 422 uni
832 363 964 422 vacabat:
979 360 1014 421 ad
1028 361 1102 427 latus
1112 378 1144 430 15

99 448 225 508 notarius
240 463 303 504 cum
314 445 388 505 libro
403 454 432 505 et
446 443 649 524 pugillaribus,
672 447 751 505 cuius
765 464 862 507 manus
877 446 970 506 bieme
985 442 1102 509 manicis
1149 470 1150 474 ¹

99 530 304 606 muniebantur,
322 538 352 589 ut
363 546 398 588 ne
411 527 483 588 caeli
495 527 610 607 quidem
621 531 759 607 asperitas
773 528 859 588 ullum
873 529 973 591 studiis
989 540 1101 610 tempus

100 616 241 692 eriperet;
265 630 320 692 qua
341 631 379 673 en
400 629 485 673 causa
505 611 613 672 Romae
634 629 748 691 quoque
770 612 841 674 sella
856 613 1022 673 vehebatur.
1045 613 1101 674 Re·
1113 628 1145 683 16

74 706 170 842 tit
179 696 1103 859 ttttttttttlflttttltlltntttttttttl

100 864 178 944 quod
199 864 297 927 studiis
317 882 374 924 uon
393 862 603 942 inpenderetur.
635 863 695 923 Hac
715 866 870 942 intentione
892 873 934 925 tot
953 866 1007 925 ista
1021 865 1144 931 volu-li

99 951 173 1009 mina
200 949 314 1027 peregit
341 947 554 1026 electorumque
578 949 792 1008 commentarios
819 958 931 1008 centum
956 951 1103 1026 sexaginta

99 1032 167 1091 mibi
181 1031 311 1110 reliquit,
331 1031 572 1110 opisthographos
586 1031 699 1109 quidem
713 1041 742 1092 et
756 1032 941 1108 minutissime
961 1033 1102 1111 scriptos;

59 1128 92 1180 lo
101 1133 156 1194 qua
170 1119 279 1175 ratione
293 1114 495 1194 multiplicatur
505 1115 550 1174 bio
560 1133 703 1175 numerus.
726 1114 881 1176 Referebat
895 1117 958 1195 ipse
973 1118 1103 1195 potuisse

101 1218 151 1276 se,
175 1217 239 1259 cum
263 1207 429 1276 procuraret
449 1201 476 1258 in
495 1197 646 1277 Hispania,
671 1198 797 1259 vendere
815 1199 868 1260 bos
887 1202 1102 1262 commentarios

100 1283 202 1360 Largio
215 1283 312 1343 Licino
324 1281 535 1360 quadringentis
546 1283 657 1343 milibus
672 1300 822 1360 nummum,
837 1293 866 1343 et
881 1292 947 1343 tunc
959 1283 1102 1363 aliquanto

38 1424 39 1429 ,
100 1368 252 1447 pauciores
265 1376 353 1426 eraut.
370 1364 472 1426 Nonne
484 1365 595 1425 videtur
605 1367 655 1426 tibi
670 1366 828 1426 recordanti
842 1377 974 1444 quantum
987 1366 1102 1445 legerit,
1114 1378 1146 1433 18

102 1460 235 1529 quantum
250 1449 416 1527 scripserit,
438 1467 493 1509 nec
507 1451 535 1508 in
553 1448 656 1509 oliiciis
670 1448 736 1510 ullis
750 1467 804 1509 nec
818 1451 847 1507 in
863 1451 984 1510 amicitia
998 1453 1102 1528 princi·

59 1551 92 1602 15
102 1536 148 1612 pis
162 1533 270 1609 luisse,
290 1543 405 1610 rursus,
428 1549 491 1590 cum
511 1531 591 1591 nudis
610 1532 677 1611 quid
697 1532 796 1593 studiis
812 1532 918 1593 laboris
932 1533 1102 1611 inpenderit,

102 1635 158 1676 nec
174 1617 327 1694 scripsisse
343 1617 411 1678 satis
425 1633 481 1675 neo
495 1613 625 1694 legisse?
650 1615 723 1689 Quid
743 1625 788 1676 est
806 1617 880 1677 eninr
895 1616 972 1695 quod
985 1634 1042 1677 non
1057 1627 1104 1678 aut

102 1699 168 1760 illae
190 1701 397 1778 occupationes
417 1700 545 1779 inpedire
562 1709 609 1760 aut
624 1700 696 1761 haec
716 1701 845 1761 Instantis
859 1718 914 1760 non
933 1704 1026 1780 possit
1042 1701 1103 1761 eiii·

103 1781 193 1845 cerel
214 1777 313 1863 ltaque
328 1783 410 1844 soleo
425 1783 536 1861 ridere,
553 1802 616 1842 cum
630 1802 675 1844 me
692 1784 805 1863 quidam
820 1785 976 1846 studiosum
987 1795 1102 1864 vocant,
1113 1793 1146 1847 19

103 1870 162 1946 qul,
179 1870 207 1933 si„
218 1885 367 1948 comparer
379 1867 432 1946 illi,
448 1886 509 1930 sum
524 1866 772 1929 desidiosissimos.
802 1869 865 1946 Ego
878 1878 972 1948 autem
986 1878 1102 1948 tentum,

58 1965 94 2018 20
103 1970 188 2030 quem
202 1954 303 2031 partim
317 1950 430 2030 publica
444 1953 545 2031 partim
559 1953 711 2012 amicorum
728 1952 822 2013 ollicia
834 1951 1022 2030 distringunt?
1041 1956 1104 2032 quis

102 2037 223 2097 existis
244 2037 292 2114 qui
312 2044 372 2095 tota
391 2037 448 2095 vita
468 2035 570 2095 litteris
591 2034 721 2095 adsident
743 2034 863 2096 collatus
884 2036 924 2095 illi
946 2052 1002 2096 non
1024 2039 1104 2115 quasi

102 2136 202 2181 somno
217 2129 247 2179 et
260 2120 378 2178 Inertiae
395 2117 506 2178 deditos
521 2115 692 2178 erubescet?
714 2117 836 2178 Extendi
851 2117 1016 2198 epistulam,
1041 2128 1146 2180 oumio

102 2203 160 2264 boc
175 2202 266 2263 solum
283 2201 359 2282 quod
372 2201 539 2282 requirebas
553 2201 682 2262 scribere
695 2200 899 2279 destinassem,
922 2219 995 2281 quos
1017 2202 1104 2262 libros

103 2286 285 2365 reliquisset:
311 2284 422 2346 conlido
444 2295 536 2346 tamen
556 2284 628 2345 haec
646 2303 760 2364 quoque
780 2285 830 2345 tibi
850 2303 906 2346 non
920 2287 1011 2348 minos
1026 2294 1105 2366 grata

59 2378 94 2430 tt
105 2389 190 2449 quam
204 2373 284 2448 ipsos
299 2368 387 2430 libros
401 2370 503 2446 lutura,
520 2387 592 2447 quae
604 2379 633 2429 te
648 2387 705 2428 non
717 2379 825 2430 tantum
840 2370 875 2430 ad
890 2369 1030 2447 legendos
1053 2388 1104 2431 eos

104 2473 202 2515 verum
216 2455 299 2515 etiam
313 2453 348 2513 ed
363 2454 454 2514 simile
474 2452 579 2531 aliquid
594 2452 793 2514 elaborandum
807 2464 928 2533 possunt
942 2456 1104 2515 aemulatio·
1142 2470 1146 2474 ’

103 2539 147 2599 nis
162 2537 282 2599 stimulis
298 2539 433 2599 excitare.
456 2536 537 2595 Vale.

584 2669 632 2729 VI.

328 2768 354 2819 U.
372 2768 498 2820 PLINIUS
516 2768 615 2821 ANNIO
632 2768 759 2820 SEVERO
775 2767 835 2820 SUO
854 2768 880 2820 S.

167 2870 213 2950 En
231 2869 389 2932 hereditate
404 2889 477 2950 quae
494 2871 560 2931 mibi
577 2871 692 2931 obvenit
711 2873 766 2930 emi
780 2872 910 2949 proxime
932 2867 1129 2936 Corinthiuml

105 2958 227 3033 signum,
243 2955 383 3014 modicum
397 2954 510 3034 quidem
525 2954 577 3014 sed
589 2954 721 3014 festivum
736 2963 766 3013 et
780 2970 958 3033 expressum,
973 2962 1106 3032 quantum

105 3055 163 3117 ego
177 3040 275 3118 sapio,
291 3041 338 3118 qui
352 3039 474 3100 fortasse
490 3039 518 3096 in
530 3040 604 3098 omni
618 3057 668 3117 re,
690 3039 718 3098 in
733 3036 787 3098 bac
802 3046 881 3098 certe
896 3056 1032 3116 perquam
1048 3039 1106 3098 exi-

104 3141 191 3202 guum
215 3124 311 3201 sapio:
336 3122 392 3184 boc
414 3131 507 3182 tamen
529 3124 640 3200 signum
660 3139 716 3199 ego
739 3140 854 3201 quoquc
874 3121 1022 3199 intellego.
1054 3120 1132 3185 Esca

60 3220 96 3274 35
106 3209 181 3268 enim
194 3206 298 3266 nudum
313 3225 368 3267 nec
384 3215 431 3267 aut
444 3207 527 3283 vitia,
544 3209 567 3266 si
583 3223 638 3284 qua
654 3213 729 3282 sunt,
745 3205 820 3266 celat
836 3213 882 3266 aut
895 3205 993 3266 laudes
1009 3222 1106 3282 parum

106 3299 244 3353 ostentat:
266 3289 376 3367 effingit
391 3306 488 3351 senem
504 3298 638 3357 stantem:
659 3305 735 3366 ossa,
750 3289 881 3367 musculi,
898 3291 988 3365 nervi,
1003 3305 1105 3364 venae,

104 3394 194 3454 rugae
212 3376 296 3435 etiam
310 3383 340 3433 ut
355 3374 486 3452 spirantis
500 3382 648 3452 apparent,
662 3373 717 3431 rari
734 3382 763 3433 et
779 3372 916 3434 cedentes
928 3370 1035 3451 capilli,
1051 3369 1108 3430 lata

105 3460 197 3537 frons,
213 3466 357 3520 contracta
374 3457 475 3529 iacies,
496 3456 571 3516 exile
587 3455 701 3532 collum,
717 3456 842 3533 pendent
857 3455 968 3532 lacerti,
983 3453 1106 3532 papillae

147 3550 228 3641 Ptmr,
240 3548 289 3603 Er.
924 3539 944 3597 4

59 2801 96 2857 30
