<?xml version="1.0" encoding="UTF-8"?>
<!DOCTYPE html PUBLIC "-//W3C//DTD XHTML 1.0 Transitional//EN"
    "http://www.w3.org/TR/xhtml1/DTD/xhtml1-transitional.dtd">
<html xmlns="http://www.w3.org/1999/xhtml" xml:lang="en" lang="en">
 <head>
  <title>
</title>
<meta http-equiv="Content-Type" content="text/html;charset=utf-8" />
  <meta name='ocr-system' content='tesseract 3.04.00' />
  <meta name='ocr-capabilities' content='ocr_page ocr_carea ocr_par ocr_line ocrx_word'/>
</head>
<body>
  <div class='ocr_page' id='page_1' title='image "./cplinicaecilise01plingoog_0094.png"; bbox 0 0 2400 3848; ppageno 0'>
   <div class='ocr_carea' id='block_1_1' title="bbox 356 186 1098 276">
    <p class='ocr_par' dir='ltr' id='par_1_1' title="bbox 356 186 1098 276">
     <span class='ocr_line' id='line_1_1' title="bbox 356 186 1098 276; baseline 0.005 -5"><span class='ocrx_word' id='word_1_1' title='bbox 356 186 619 272; x_wconf 82' lang='lat' dir='ltr'><strong>urrsuuunadn</strong></span> <span class='ocrx_word' id='word_1_2' title='bbox 633 209 699 271; x_wconf 89' lang='lat'><em>1111.</em></span> <span class='ocrx_word' id='word_1_3' title='bbox 723 224 748 273; x_wconf 90' lang='lat'><strong>1.</strong></span> <span class='ocrx_word' id='word_1_4' title='bbox 762 223 789 274; x_wconf 79' lang='lat' dir='ltr'><strong>r.</strong></span> <span class='ocrx_word' id='word_1_5' title='bbox 806 221 831 274; x_wconf 82' lang='lat' dir='ltr'><strong>s.</strong></span> <span class='ocrx_word' id='word_1_6' title='bbox 1057 211 1098 276; x_wconf 84' lang='lat' dir='ltr'><strong>et</strong></span> 
     </span>
    </p>
   </div>
   <div class='ocr_carea' id='block_1_2' title="bbox 48 362 1123 1697">
    <p class='ocr_par' dir='ltr' id='par_1_2' title="bbox 90 362 1123 677">
     <span class='ocr_line' id='line_1_2' title="bbox 91 362 1097 443; baseline 0.001 -20"><span class='ocrx_word' id='word_1_7' title='bbox 91 362 239 424; x_wconf 91' lang='lat' dir='ltr'><strong>mannulos</strong></span> <span class='ocrx_word' id='word_1_8' title='bbox 257 363 361 425; x_wconf 92' lang='lat' dir='ltr'><strong>multos</strong></span> <span class='ocrx_word' id='word_1_9' title='bbox 381 372 410 422; x_wconf 88' lang='lat' dir='ltr'><strong>et</strong></span> <span class='ocrx_word' id='word_1_10' title='bbox 428 365 541 424; x_wconf 75' lang='lat' dir='ltr'><strong>Iunctos</strong></span> <span class='ocrx_word' id='word_1_11' title='bbox 556 373 586 425; x_wconf 87' lang='lat' dir='ltr'><strong>et</strong></span> <span class='ocrx_word' id='word_1_12' title='bbox 599 364 724 443; x_wconf 91' lang='lat' dir='ltr'><strong>solutos,</strong></span> <span class='ocrx_word' id='word_1_13' title='bbox 741 365 861 426; x_wconf 87' lang='lat' dir='ltr'><strong>babebat</strong></span> <span class='ocrx_word' id='word_1_14' title='bbox 875 382 961 424; x_wconf 91' lang='lat' dir='ltr'><strong>canes</strong></span> <span class='ocrx_word' id='word_1_15' title='bbox 975 365 1097 424; x_wconf 88' lang='lat' dir='ltr'><strong>maiores</strong></span> 
     </span>
     <span class='ocr_line' id='line_1_3' title="bbox 90 445 1097 528; baseline 0 -21"><span class='ocrx_word' id='word_1_16' title='bbox 90 449 283 526; x_wconf 80' lang='lat' dir='ltr'>minoresque,</span> <span class='ocrx_word' id='word_1_17' title='bbox 296 447 417 508; x_wconf 88' lang='lat' dir='ltr'><strong>habebat</strong></span> <span class='ocrx_word' id='word_1_18' title='bbox 429 445 574 523; x_wconf 89' lang='lat' dir='ltr'><strong>luscinias,</strong></span> <span class='ocrx_word' id='word_1_19' title='bbox 586 451 734 528; x_wconf 77' lang='lat' dir='ltr'><strong>psittacos,</strong></span> <span class='ocrx_word' id='word_1_20' title='bbox 746 447 883 509; x_wconf 89' lang='lat' dir='ltr'><strong>merulas:</strong></span> <span class='ocrx_word' id='word_1_21' title='bbox 896 448 1097 526; x_wconf 78' lang='lat' dir='ltr'><strong>omnesllegu·</strong></span> 
     </span>
     <span class='ocr_line' id='line_1_4' title="bbox 91 529 1123 609; baseline 0.001 -18"><span class='ocrx_word' id='word_1_22' title='bbox 91 531 136 591; x_wconf 94' lang='lat' dir='ltr'><strong>lus</strong></span> <span class='ocrx_word' id='word_1_23' title='bbox 152 533 227 591; x_wconf 92' lang='lat' dir='ltr'><strong>circa</strong></span> <span class='ocrx_word' id='word_1_24' title='bbox 237 549 339 609; x_wconf 78' lang='lat' dir='ltr'><strong>rogum</strong></span> <span class='ocrx_word' id='word_1_25' title='bbox 352 530 510 590; x_wconf 89' lang='lat' dir='ltr'><strong>trucidavit.</strong></span> <span class='ocrx_word' id='word_1_26' title='bbox 539 529 602 591; x_wconf 89' lang='lat' dir='ltr'><strong>Nec</strong></span> <span class='ocrx_word' id='word_1_27' title='bbox 620 532 703 591; x_wconf 95' lang='lat' dir='ltr'><strong>dolor</strong></span> <span class='ocrx_word' id='word_1_28' title='bbox 720 541 779 592; x_wconf 89' lang='lat' dir='ltr'><strong>erat</strong></span> <span class='ocrx_word' id='word_1_29' title='bbox 793 532 854 609; x_wconf 92' lang='lat' dir='ltr'><strong>ille,</strong></span> <span class='ocrx_word' id='word_1_30' title='bbox 875 532 927 592; x_wconf 97' lang='lat' dir='ltr'><strong>sed</strong></span> <span class='ocrx_word' id='word_1_31' title='bbox 946 534 1123 593; x_wconf 75' lang='lat' dir='ltr'><strong>ostentatiol</strong></span> 
     </span>
     <span class='ocr_line' id='line_1_5' title="bbox 91 612 1097 677; baseline 0.003 -3"><span class='ocrx_word' id='word_1_32' title='bbox 91 613 207 675; x_wconf 91' lang='lat' dir='ltr'><strong>doloris.</strong></span> <span class='ocrx_word' id='word_1_33' title='bbox 221 612 393 675; x_wconf 80' lang='lat' dir='ltr'><strong>Convenitur</strong></span> <span class='ocrx_word' id='word_1_34' title='bbox 404 612 439 674; x_wconf 93' lang='lat' dir='ltr'><strong>ad</strong></span> <span class='ocrx_word' id='word_1_35' title='bbox 451 632 515 673; x_wconf 88' lang='lat' dir='ltr'><strong>eum</strong></span> <span class='ocrx_word' id='word_1_36' title='bbox 525 616 593 675; x_wconf 88' lang='lat' dir='ltr'><strong>mira</strong></span> <span class='ocrx_word' id='word_1_37' title='bbox 606 615 782 676; x_wconf 75' lang='lat' dir='ltr'><strong>celebritate.</strong></span> <span class='ocrx_word' id='word_1_38' title='bbox 810 613 911 676; x_wconf 81' lang='lat' dir='ltr'><strong>Cuncti</strong></span> <span class='ocrx_word' id='word_1_39' title='bbox 922 616 1097 677; x_wconf 90' lang='lat' dir='ltr'><strong>detestantur</strong></span> 
     </span>
    </p>

    <p class='ocr_par' dir='ltr' id='par_1_3' title="bbox 65 697 1121 1112">
     <span class='ocr_line' id='line_1_6' title="bbox 65 697 1094 778; baseline 0 -20"><span class='ocrx_word' id='word_1_40' title='bbox 65 698 227 774; x_wconf 74' lang='lat' dir='ltr'><strong>eoderunt,</strong></span> <span class='ocrx_word' id='word_1_41' title='bbox 245 707 273 758; x_wconf 88' lang='lat' dir='ltr'><strong>ct</strong></span> <span class='ocrx_word' id='word_1_42' title='bbox 285 699 364 778; x_wconf 90' lang='lat' dir='ltr'><strong>quasi</strong></span> <span class='ocrx_word' id='word_1_43' title='bbox 376 698 515 777; x_wconf 89' lang='lat' dir='ltr'><strong>probent,</strong></span> <span class='ocrx_word' id='word_1_44' title='bbox 529 700 609 777; x_wconf 91' lang='lat' dir='ltr'><strong>quasi</strong></span> <span class='ocrx_word' id='word_1_45' title='bbox 621 697 753 776; x_wconf 82' lang='lat' dir='ltr'><strong>diligant,</strong></span> <span class='ocrx_word' id='word_1_46' title='bbox 774 708 887 760; x_wconf 88' lang='lat' dir='ltr'><strong>cursant</strong></span> <span class='ocrx_word' id='word_1_47' title='bbox 903 698 1094 778; x_wconf 84' lang='lat' dir='ltr'><strong>frequentant,</strong></span> 
     </span>
     <span class='ocr_line' id='line_1_7' title="bbox 91 780 1096 861; baseline 0.001 -20"><span class='ocrx_word' id='word_1_48' title='bbox 91 792 180 861; x_wconf 88' lang='lat' dir='ltr'><strong>utque</strong></span> <span class='ocrx_word' id='word_1_49' title='bbox 193 783 320 843; x_wconf 88' lang='lat' dir='ltr'><strong>breviter</strong></span> <span class='ocrx_word' id='word_1_50' title='bbox 331 782 408 861; x_wconf 93' lang='lat' dir='ltr'><strong>quod</strong></span> <span class='ocrx_word' id='word_1_51' title='bbox 419 782 511 841; x_wconf 90' lang='lat' dir='ltr'><strong>sentio</strong></span> <span class='ocrx_word' id='word_1_52' title='bbox 523 783 676 856; x_wconf 88' lang='lat' dir='ltr'><strong>enuntiem,</strong></span> <span class='ocrx_word' id='word_1_53' title='bbox 692 785 719 842; x_wconf 91' lang='lat' dir='ltr'><strong>in</strong></span> <span class='ocrx_word' id='word_1_54' title='bbox 731 780 844 859; x_wconf 83' lang='lat' dir='ltr'><strong>Regulo</strong></span> <span class='ocrx_word' id='word_1_55' title='bbox 857 781 1028 843; x_wconf 86' lang='lat' dir='ltr'><strong>demerendo</strong></span> <span class='ocrx_word' id='word_1_56' title='bbox 1039 781 1096 843; x_wconf 87' lang='lat' dir='ltr'><strong>Re·</strong></span> 
     </span>
     <span class='ocr_line' id='line_1_8' title="bbox 90 863 1121 944; baseline -0.001 -19"><span class='ocrx_word' id='word_1_57' title='bbox 90 865 189 944; x_wconf 79' lang='lat' dir='ltr'><strong>gulum</strong></span> <span class='ocrx_word' id='word_1_58' title='bbox 205 867 354 926; x_wconf 86' lang='lat' dir='ltr'><strong>imitantur.</strong></span> <span class='ocrx_word' id='word_1_59' title='bbox 386 863 478 925; x_wconf 83' lang='lat' dir='ltr'><strong>Terret</strong></span> <span class='ocrx_word' id='word_1_60' title='bbox 493 883 526 926; x_wconf 87' lang='lat' dir='ltr'><strong>se</strong></span> <span class='ocrx_word' id='word_1_61' title='bbox 544 875 620 926; x_wconf 89' lang='lat' dir='ltr'><strong>trans</strong></span> <span class='ocrx_word' id='word_1_62' title='bbox 637 865 761 926; x_wconf 82' lang='lat' dir='ltr'><strong>Tiberim</strong></span> <span class='ocrx_word' id='word_1_63' title='bbox 777 868 805 925; x_wconf 92' lang='lat' dir='ltr'><strong>in</strong></span> <span class='ocrx_word' id='word_1_64' title='bbox 820 866 926 942; x_wconf 89' lang='lat' dir='ltr'><strong>hortis,</strong></span> <span class='ocrx_word' id='word_1_65' title='bbox 949 867 977 924; x_wconf 89' lang='lat' dir='ltr'><strong>iu</strong></span> <span class='ocrx_word' id='word_1_66' title='bbox 994 867 1121 944; x_wconf 70' lang='lat' dir='ltr'><strong>quibust</strong></span> 
     </span>
     <span class='ocr_line' id='line_1_9' title="bbox 90 948 1095 1029; baseline 0 -21"><span class='ocrx_word' id='word_1_67' title='bbox 90 949 257 1010; x_wconf 89' lang='lat' dir='ltr'><strong>latissimum</strong></span> <span class='ocrx_word' id='word_1_68' title='bbox 270 949 363 1011; x_wconf 88' lang='lat' dir='ltr'><strong>solum</strong></span> <span class='ocrx_word' id='word_1_69' title='bbox 373 948 531 1027; x_wconf 90' lang='lat' dir='ltr'><strong>porticibus</strong></span> <span class='ocrx_word' id='word_1_70' title='bbox 542 951 693 1026; x_wconf 83' lang='lat' dir='ltr'><strong>inmensis,</strong></span> <span class='ocrx_word' id='word_1_71' title='bbox 712 952 802 1029; x_wconf 85' lang='lat' dir='ltr'><strong>ripam</strong></span> <span class='ocrx_word' id='word_1_72' title='bbox 820 951 919 1010; x_wconf 79' lang='lat' dir='ltr'><strong>statuis</strong></span> <span class='ocrx_word' id='word_1_73' title='bbox 937 950 997 1009; x_wconf 85' lang='lat' dir='ltr'><strong>suis</strong></span> <span class='ocrx_word' id='word_1_74' title='bbox 1008 967 1095 1010; x_wconf 93' lang='lat' dir='ltr'><strong>occu-</strong></span> 
     </span>
     <span class='ocr_line' id='line_1_10' title="bbox 91 1032 1096 1112; baseline 0 -19"><span class='ocrx_word' id='word_1_75' title='bbox 91 1035 184 1112; x_wconf 88' lang='lat' dir='ltr'><strong>pavit,</strong></span> <span class='ocrx_word' id='word_1_76' title='bbox 202 1043 233 1093; x_wconf 95' lang='lat' dir='ltr'><strong>ut</strong></span> <span class='ocrx_word' id='word_1_77' title='bbox 252 1036 336 1095; x_wconf 89' lang='lat' dir='ltr'><strong>estin</strong></span> <span class='ocrx_word' id='word_1_78' title='bbox 350 1051 458 1095; x_wconf 88' lang='lat' dir='ltr'><strong>summa</strong></span> <span class='ocrx_word' id='word_1_79' title='bbox 470 1035 588 1094; x_wconf 86' lang='lat' dir='ltr'><strong>avaritia</strong></span> <span class='ocrx_word' id='word_1_80' title='bbox 599 1042 798 1112; x_wconf 85' lang='lat' dir='ltr'><strong>sumptuosus,</strong></span> <span class='ocrx_word' id='word_1_81' title='bbox 818 1036 847 1092; x_wconf 91' lang='lat' dir='ltr'><strong>in</strong></span> <span class='ocrx_word' id='word_1_82' title='bbox 863 1050 969 1093; x_wconf 87' lang='lat' dir='ltr'><strong>summa</strong></span> <span class='ocrx_word' id='word_1_83' title='bbox 985 1032 1096 1093; x_wconf 88' lang='lat' dir='ltr'><strong>infamia</strong></span> 
     </span>
    </p>

    <p class='ocr_par' dir='ltr' id='par_1_4' title="bbox 49 1115 1122 1529">
     <span class='ocr_line' id='line_1_11' title="bbox 49 1115 1121 1195; baseline -0.001 -19"><span class='ocrx_word' id='word_1_84' title='bbox 49 1130 83 1183; x_wconf 81' lang='grc' dir='ltr'><strong>ιο</strong></span> <span class='ocrx_word' id='word_1_85' title='bbox 91 1115 244 1195; x_wconf 86' lang='lat' dir='ltr'><strong>gloriosus.</strong></span> <span class='ocrx_word' id='word_1_86' title='bbox 276 1117 372 1178; x_wconf 83' lang='lat' dir='ltr'><strong>Vexat</strong></span> <span class='ocrx_word' id='word_1_87' title='bbox 395 1133 467 1195; x_wconf 80' lang='lat' dir='ltr'><strong>ergo</strong></span> <span class='ocrx_word' id='word_1_88' title='bbox 493 1119 636 1178; x_wconf 89' lang='lat' dir='ltr'><strong>civitatem</strong></span> <span class='ocrx_word' id='word_1_89' title='bbox 658 1116 873 1177; x_wconf 82' lang='lat' dir='ltr'><strong>insaluberrimo</strong></span> <span class='ocrx_word' id='word_1_90' title='bbox 896 1126 1043 1195; x_wconf 91' lang='lat' dir='ltr'><strong>tempore,</strong></span> <span class='ocrx_word' id='word_1_91' title='bbox 1067 1121 1121 1176; x_wconf 83' lang='lat' dir='ltr'><strong>etd</strong></span> 
     </span>
     <span class='ocr_line' id='line_1_12' title="bbox 91 1200 1095 1281; baseline -0.002 -20"><span class='ocrx_word' id='word_1_92' title='bbox 91 1201 168 1281; x_wconf 87' lang='lat' dir='ltr'><strong>qnod</strong></span> <span class='ocrx_word' id='word_1_93' title='bbox 178 1208 265 1262; x_wconf 83' lang='lat' dir='ltr'><strong>vexat</strong></span> <span class='ocrx_word' id='word_1_94' title='bbox 282 1201 420 1262; x_wconf 90' lang='lat' dir='ltr'><strong>solacium</strong></span> <span class='ocrx_word' id='word_1_95' title='bbox 437 1209 524 1278; x_wconf 91' lang='lat' dir='ltr'><strong>putat.</strong></span> <span class='ocrx_word' id='word_1_96' title='bbox 545 1201 622 1262; x_wconf 85' lang='lat' dir='ltr'><strong>Dicit</strong></span> <span class='ocrx_word' id='word_1_97' title='bbox 632 1219 665 1260; x_wconf 90' lang='lat' dir='ltr'><strong>se</strong></span> <span class='ocrx_word' id='word_1_98' title='bbox 676 1201 753 1261; x_wconf 88' lang='lat' dir='ltr'><strong>velle</strong></span> <span class='ocrx_word' id='word_1_99' title='bbox 766 1200 873 1260; x_wconf 91' lang='lat' dir='ltr'><strong>ducere</strong></span> <span class='ocrx_word' id='word_1_100' title='bbox 888 1218 1020 1261; x_wconf 82' lang='lat' dir='ltr'><strong>uxorem:</strong></span> <span class='ocrx_word' id='word_1_101' title='bbox 1039 1201 1095 1260; x_wconf 90' lang='lat' dir='ltr'><strong>hoc</strong></span> 
     </span>
     <span class='ocr_line' id='line_1_13' title="bbox 90 1282 1120 1364; baseline -0.004 -20"><span class='ocrx_word' id='word_1_102' title='bbox 90 1302 223 1364; x_wconf 91' lang='lat' dir='ltr'><strong>quoque,</strong></span> <span class='ocrx_word' id='word_1_103' title='bbox 243 1286 318 1345; x_wconf 89' lang='lat' dir='ltr'><strong>sicut</strong></span> <span class='ocrx_word' id='word_1_104' title='bbox 336 1283 407 1361; x_wconf 87' lang='lat' dir='ltr'><strong>alia,</strong></span> <span class='ocrx_word' id='word_1_105' title='bbox 427 1302 573 1363; x_wconf 87' lang='lat' dir='ltr'><strong>perverse.</strong></span> <span class='ocrx_word' id='word_1_106' title='bbox 607 1282 715 1346; x_wconf 81' lang='lat' dir='ltr'><strong>Audies</strong></span> <span class='ocrx_word' id='word_1_107' title='bbox 733 1285 813 1344; x_wconf 90' lang='lat' dir='ltr'><strong>brevi</strong></span> <span class='ocrx_word' id='word_1_108' title='bbox 833 1286 943 1362; x_wconf 82' lang='lat' dir='ltr'><strong>nuptias</strong></span> <span class='ocrx_word' id='word_1_109' title='bbox 957 1283 1120 1362; x_wconf 81' lang='lat' dir='ltr'><strong>lugentis,l</strong></span> 
     </span>
     <span class='ocr_line' id='line_1_14' title="bbox 89 1366 1093 1447; baseline -0.003 -19"><span class='ocrx_word' id='word_1_110' title='bbox 89 1371 202 1447; x_wconf 84' lang='lat' dir='ltr'><strong>nuptias</strong></span> <span class='ocrx_word' id='word_1_111' title='bbox 220 1370 311 1438; x_wconf 86' lang='lat' dir='ltr'><strong>senis;</strong></span> <span class='ocrx_word' id='word_1_112' title='bbox 334 1385 453 1446; x_wconf 89' lang='lat' dir='ltr'><strong>quornm</strong></span> <span class='ocrx_word' id='word_1_113' title='bbox 469 1367 587 1427; x_wconf 89' lang='lat' dir='ltr'><strong>alterurn</strong></span> <span class='ocrx_word' id='word_1_114' title='bbox 600 1370 774 1427; x_wconf 88' lang='lat' dir='ltr'><strong>immaturum</strong></span> <span class='ocrx_word' id='word_1_115' title='bbox 790 1366 909 1427; x_wconf 89' lang='lat' dir='ltr'><strong>alterurn</strong></span> <span class='ocrx_word' id='word_1_116' title='bbox 928 1384 1022 1426; x_wconf 88' lang='lat' dir='ltr'><strong>serum</strong></span> <span class='ocrx_word' id='word_1_117' title='bbox 1041 1376 1093 1427; x_wconf 90' lang='lat' dir='ltr'><strong>est.</strong></span> 
     </span>
     <span class='ocr_line' id='line_1_15' title="bbox 89 1449 1122 1529; baseline -0.008 -17"><span class='ocrx_word' id='word_1_118' title='bbox 89 1450 172 1512; x_wconf 88' lang='lat' dir='ltr'><strong>Unde</strong></span> <span class='ocrx_word' id='word_1_119' title='bbox 182 1451 239 1511; x_wconf 90' lang='lat' dir='ltr'><strong>hoc</strong></span> <span class='ocrx_word' id='word_1_120' title='bbox 249 1468 373 1529; x_wconf 79' lang='lat' dir='ltr'><strong>augurer</strong></span> <span class='ocrx_word' id='word_1_121' title='bbox 383 1452 512 1528; x_wconf 91' lang='lat' dir='ltr'><strong>quaeris:</strong></span> <span class='ocrx_word' id='word_1_122' title='bbox 535 1466 592 1510; x_wconf 91' lang='lat' dir='ltr'><strong>non</strong></span> <span class='ocrx_word' id='word_1_123' title='bbox 610 1452 675 1529; x_wconf 90' lang='lat' dir='ltr'><strong>quia</strong></span> <span class='ocrx_word' id='word_1_124' title='bbox 686 1450 812 1510; x_wconf 81' lang='lat' dir='ltr'><strong>adfirmat</strong></span> <span class='ocrx_word' id='word_1_125' title='bbox 822 1451 896 1527; x_wconf 91' lang='lat' dir='ltr'><strong>ipse,</strong></span> <span class='ocrx_word' id='word_1_126' title='bbox 911 1467 968 1526; x_wconf 90' lang='lat' dir='ltr'><strong>quo</strong></span> <span class='ocrx_word' id='word_1_127' title='bbox 982 1449 1122 1510; x_wconf 86' lang='lat' dir='ltr'><strong>menda-8</strong></span> 
     </span>
    </p>

    <p class='ocr_par' dir='ltr' id='par_1_5' title="bbox 48 1532 1094 1697">
     <span class='ocr_line' id='line_1_16' title="bbox 48 1532 1094 1613; baseline 0.001 -21"><span class='ocrx_word' id='word_1_128' title='bbox 48 1539 80 1592; x_wconf 84' lang='lat'><strong>15</strong></span> <span class='ocrx_word' id='word_1_129' title='bbox 91 1537 152 1594; x_wconf 90' lang='lat' dir='ltr'><strong>cius</strong></span> <span class='ocrx_word' id='word_1_130' title='bbox 161 1533 229 1595; x_wconf 88' lang='lat' dir='ltr'><strong>nihil</strong></span> <span class='ocrx_word' id='word_1_131' title='bbox 242 1542 297 1612; x_wconf 88' lang='lat' dir='ltr'><strong>est,</strong></span> <span class='ocrx_word' id='word_1_132' title='bbox 309 1532 362 1593; x_wconf 93' lang='lat' dir='ltr'><strong>sed</strong></span> <span class='ocrx_word' id='word_1_133' title='bbox 375 1536 440 1613; x_wconf 87' lang='lat' dir='ltr'><strong>quia</strong></span> <span class='ocrx_word' id='word_1_134' title='bbox 456 1541 564 1592; x_wconf 88' lang='lat' dir='ltr'><strong>certum</strong></span> <span class='ocrx_word' id='word_1_135' title='bbox 576 1542 619 1594; x_wconf 92' lang='lat' dir='ltr'><strong>est</strong></span> <span class='ocrx_word' id='word_1_136' title='bbox 630 1533 772 1611; x_wconf 82' lang='lat' dir='ltr'><strong>Regulum</strong></span> <span class='ocrx_word' id='word_1_137' title='bbox 784 1551 851 1593; x_wconf 89' lang='lat' dir='ltr'><strong>esse</strong></span> <span class='ocrx_word' id='word_1_138' title='bbox 865 1532 1003 1592; x_wconf 86' lang='lat' dir='ltr'><strong>facturum</strong></span> <span class='ocrx_word' id='word_1_139' title='bbox 1016 1534 1094 1612; x_wconf 90' lang='lat' dir='ltr'><strong>quid-</strong></span> 
     </span>
     <span class='ocr_line' id='line_1_17' title="bbox 90 1616 545 1697; baseline -0.002 -19"><span class='ocrx_word' id='word_1_140' title='bbox 90 1617 297 1697; x_wconf 87' lang='lat' dir='ltr'><strong>quidlierinon</strong></span> <span class='ocrx_word' id='word_1_141' title='bbox 312 1626 435 1696; x_wconf 88' lang='lat' dir='ltr'><strong>oportet.</strong></span> <span class='ocrx_word' id='word_1_142' title='bbox 464 1616 545 1678; x_wconf 83' lang='lat' dir='ltr'><strong>Vale.</strong></span> 
     </span>
    </p>
   </div>
   <div class='ocr_carea' id='block_1_3' title="bbox 351 1749 834 1903">
    <p class='ocr_par' dir='ltr' id='par_1_6' title="bbox 351 1749 834 1903">
     <span class='ocr_line' id='line_1_18' title="bbox 565 1749 616 1812; baseline 0.02 -1"><span class='ocrx_word' id='word_1_143' title='bbox 565 1749 616 1812; x_wconf 90' lang='lat'>111.</span> 
     </span>
     <span class='ocr_line' id='line_1_19' title="bbox 351 1849 834 1903; baseline 0.006 -3"><span class='ocrx_word' id='word_1_144' title='bbox 351 1850 378 1900; x_wconf 91' lang='lat' dir='ltr'><strong>o.</strong></span> <span class='ocrx_word' id='word_1_145' title='bbox 399 1849 524 1902; x_wconf 78' lang='lat' dir='ltr'><strong>rutulus</strong></span> <span class='ocrx_word' id='word_1_146' title='bbox 543 1849 707 1902; x_wconf 79' lang='lat' dir='ltr'><strong>nuuouruo</strong></span> <span class='ocrx_word' id='word_1_147' title='bbox 726 1850 787 1902; x_wconf 84' lang='lat' dir='ltr'><strong>suo</strong></span> <span class='ocrx_word' id='word_1_148' title='bbox 807 1850 834 1903; x_wconf 79' lang='lat' dir='ltr'><strong>S.</strong></span> 
     </span>
    </p>
   </div>
   <div class='ocr_carea' id='block_1_4' title="bbox 44 1951 1121 3444">
    <p class='ocr_par' dir='ltr' id='par_1_7' title="bbox 47 1951 1121 2365">
     <span class='ocr_line' id='line_1_20' title="bbox 47 1951 1121 2031; baseline 0 -17"><span class='ocrx_word' id='word_1_149' title='bbox 47 1961 83 2014; x_wconf 79' lang='lat'><strong>20</strong></span> <span class='ocrx_word' id='word_1_150' title='bbox 156 1951 241 2026; x_wconf 83' lang='lat' dir='ltr'><strong>Quod</strong></span> <span class='ocrx_word' id='word_1_151' title='bbox 253 1951 343 2012; x_wconf 87' lang='lat' dir='ltr'><strong>semel</strong></span> <span class='ocrx_word' id='word_1_152' title='bbox 356 1960 440 2030; x_wconf 90' lang='lat' dir='ltr'><strong>atque</strong></span> <span class='ocrx_word' id='word_1_153' title='bbox 453 1954 555 2013; x_wconf 88' lang='lat' dir='ltr'><strong>iterum</strong></span> <span class='ocrx_word' id='word_1_154' title='bbox 566 1952 666 2012; x_wconf 90' lang='lat' dir='ltr'><strong>consul</strong></span> <span class='ocrx_word' id='word_1_155' title='bbox 676 1953 754 2013; x_wconf 87' lang='lat' dir='ltr'><strong>luisti</strong></span> <span class='ocrx_word' id='word_1_156' title='bbox 765 1951 864 2013; x_wconf 89' lang='lat' dir='ltr'><strong>similis</strong></span> <span class='ocrx_word' id='word_1_157' title='bbox 875 1954 1006 2031; x_wconf 80' lang='lat' dir='ltr'><strong>antiquis,</strong></span> <span class='ocrx_word' id='word_1_158' title='bbox 1019 1951 1121 2031; x_wconf 84' lang='lat' dir='ltr'><strong>quodi</strong></span> 
     </span>
     <span class='ocr_line' id='line_1_21' title="bbox 90 2034 1097 2116; baseline 0 -20"><span class='ocrx_word' id='word_1_159' title='bbox 90 2035 245 2116; x_wconf 90' lang='lat' dir='ltr'><strong>proconsul</strong></span> <span class='ocrx_word' id='word_1_160' title='bbox 262 2034 367 2111; x_wconf 74' lang='lat' dir='ltr'><strong>Asiae,</strong></span> <span class='ocrx_word' id='word_1_161' title='bbox 392 2035 483 2115; x_wconf 90' lang='lat' dir='ltr'><strong>qualis</strong></span> <span class='ocrx_word' id='word_1_162' title='bbox 500 2044 565 2096; x_wconf 85' lang='lat' dir='ltr'><strong>anto</strong></span> <span class='ocrx_word' id='word_1_163' title='bbox 581 2045 627 2113; x_wconf 91' lang='lat' dir='ltr'><strong>te,</strong></span> <span class='ocrx_word' id='word_1_164' title='bbox 651 2035 742 2114; x_wconf 92' lang='lat' dir='ltr'><strong>qualis</strong></span> <span class='ocrx_word' id='word_1_165' title='bbox 762 2045 875 2112; x_wconf 88' lang='lat' dir='ltr'><strong>postte</strong></span> <span class='ocrx_word' id='word_1_166' title='bbox 894 2037 942 2096; x_wconf 83' lang='lat' dir='ltr'><strong>vix</strong></span> <span class='ocrx_word' id='word_1_167' title='bbox 961 2054 1032 2095; x_wconf 91' lang='lat' dir='ltr'><strong>uuus</strong></span> <span class='ocrx_word' id='word_1_168' title='bbox 1050 2046 1097 2096; x_wconf 90' lang='lat' dir='ltr'><strong>aut</strong></span> 
     </span>
     <span class='ocr_line' id='line_1_22' title="bbox 89 2118 1096 2198; baseline -0.003 -17"><span class='ocrx_word' id='word_1_169' title='bbox 89 2120 162 2182; x_wconf 90' lang='lat' dir='ltr'><strong>alter</strong></span> <span class='ocrx_word' id='word_1_170' title='bbox 179 2119 252 2198; x_wconf 89' lang='lat' dir='ltr'><strong>(uon</strong></span> <span class='ocrx_word' id='word_1_171' title='bbox 268 2120 335 2179; x_wconf 88' lang='lat' dir='ltr'><strong>sinit</strong></span> <span class='ocrx_word' id='word_1_172' title='bbox 351 2121 424 2178; x_wconf 91' lang='lat' dir='ltr'><strong>enim</strong></span> <span class='ocrx_word' id='word_1_173' title='bbox 438 2136 484 2177; x_wconf 88' lang='lat' dir='ltr'><strong>me</strong></span> <span class='ocrx_word' id='word_1_174' title='bbox 501 2118 673 2178; x_wconf 90' lang='lat' dir='ltr'><strong>verecundia</strong></span> <span class='ocrx_word' id='word_1_175' title='bbox 691 2129 737 2178; x_wconf 91' lang='lat' dir='ltr'><strong>tua</strong></span> <span class='ocrx_word' id='word_1_176' title='bbox 760 2118 857 2179; x_wconf 88' lang='lat' dir='ltr'><strong>dicere</strong></span> <span class='ocrx_word' id='word_1_177' title='bbox 879 2119 997 2197; x_wconf 90' lang='lat' dir='ltr'><strong>nemo),</strong></span> <span class='ocrx_word' id='word_1_178' title='bbox 1020 2119 1096 2197; x_wconf 91' lang='lat' dir='ltr'><strong>quod</strong></span> 
     </span>
     <span class='ocr_line' id='line_1_23' title="bbox 89 2201 1095 2281; baseline -0.003 -16"><span class='ocrx_word' id='word_1_179' title='bbox 89 2205 255 2278; x_wconf 83' lang='lat' dir='ltr'><strong>sanctitate,</strong></span> <span class='ocrx_word' id='word_1_180' title='bbox 278 2201 355 2281; x_wconf 92' lang='lat' dir='ltr'><strong>quod</strong></span> <span class='ocrx_word' id='word_1_181' title='bbox 373 2203 554 2278; x_wconf 84' lang='lat' dir='ltr'><strong>auctoritate,</strong></span> <span class='ocrx_word' id='word_1_182' title='bbox 579 2211 671 2263; x_wconf 87' lang='lat' dir='ltr'><strong>aetate</strong></span> <span class='ocrx_word' id='word_1_183' title='bbox 688 2219 804 2281; x_wconf 89' lang='lat' dir='ltr'><strong>quoque</strong></span> <span class='ocrx_word' id='word_1_184' title='bbox 815 2205 950 2281; x_wconf 89' lang='lat' dir='ltr'><strong>princeps</strong></span> <span class='ocrx_word' id='word_1_185' title='bbox 962 2203 1095 2279; x_wconf 89' lang='lat' dir='ltr'><strong>civitatis,</strong></span> 
     </span>
     <span class='ocr_line' id='line_1_24' title="bbox 90 2284 1095 2365; baseline -0.003 -16"><span class='ocrx_word' id='word_1_186' title='bbox 90 2297 136 2349; x_wconf 86' lang='lat' dir='ltr'><strong>est</strong></span> <span class='ocrx_word' id='word_1_187' title='bbox 148 2285 263 2365; x_wconf 90' lang='lat' dir='ltr'><strong>quidem</strong></span> <span class='ocrx_word' id='word_1_188' title='bbox 273 2285 438 2346; x_wconf 90' lang='lat' dir='ltr'><strong>venerabile</strong></span> <span class='ocrx_word' id='word_1_189' title='bbox 451 2294 480 2345; x_wconf 90' lang='lat' dir='ltr'><strong>ct</strong></span> <span class='ocrx_word' id='word_1_190' title='bbox 494 2285 656 2364; x_wconf 66' lang='lat' dir='ltr'><strong>pulchrum</strong></span> <span class='ocrx_word' id='word_1_191' title='bbox 677 2304 733 2364; x_wconf 82' lang='lat' dir='ltr'><strong>ego</strong></span> <span class='ocrx_word' id='word_1_192' title='bbox 749 2295 843 2347; x_wconf 89' lang='lat' dir='ltr'><strong>tamen</strong></span> <span class='ocrx_word' id='word_1_193' title='bbox 857 2295 886 2347; x_wconf 90' lang='lat' dir='ltr'><strong>te</strong></span> <span class='ocrx_word' id='word_1_194' title='bbox 897 2284 945 2346; x_wconf 92' lang='lat' dir='ltr'><strong>vel</strong></span> <span class='ocrx_word' id='word_1_195' title='bbox 960 2288 1051 2365; x_wconf 83' lang='lat' dir='ltr'><strong>magis</strong></span> <span class='ocrx_word' id='word_1_196' title='bbox 1068 2288 1095 2346; x_wconf 91' lang='lat' dir='ltr'><strong>iu</strong></span> 
     </span>
    </p>

    <p class='ocr_par' dir='ltr' id='par_1_8' title="bbox 46 2369 1120 2785">
     <span class='ocr_line' id='line_1_25' title="bbox 46 2369 1120 2449; baseline -0.002 -13"><span class='ocrx_word' id='word_1_197' title='bbox 46 2370 303 2436; x_wconf 65' lang='lat' dir='ltr'><strong>commissionibus</strong></span> <span class='ocrx_word' id='word_1_198' title='bbox 320 2371 414 2430; x_wconf 91' lang='lat' dir='ltr'><strong>miror.</strong></span> <span class='ocrx_word' id='word_1_199' title='bbox 449 2369 521 2429; x_wconf 91' lang='lat' dir='ltr'><strong>Nam</strong></span> <span class='ocrx_word' id='word_1_200' title='bbox 541 2372 721 2433; x_wconf 83' lang='lat' dir='ltr'><strong>severitatem</strong></span> <span class='ocrx_word' id='word_1_201' title='bbox 737 2372 818 2431; x_wconf 88' lang='lat' dir='ltr'><strong>istam</strong></span> <span class='ocrx_word' id='word_1_202' title='bbox 838 2373 899 2449; x_wconf 91' lang='lat' dir='ltr'><strong>pari</strong></span> <span class='ocrx_word' id='word_1_203' title='bbox 921 2370 1120 2434; x_wconf 79' lang='lat' dir='ltr'><strong>iucunditate2</strong></span> 
     </span>
     <span class='ocr_line' id='line_1_26' title="bbox 92 2454 1095 2533; baseline -0.001 -18"><span class='ocrx_word' id='word_1_204' title='bbox 92 2454 209 2516; x_wconf 88' lang='lat' dir='ltr'><strong>condire</strong></span> <span class='ocrx_word' id='word_1_205' title='bbox 228 2471 410 2533; x_wconf 84' lang='lat' dir='ltr'><strong>summaeque</strong></span> <span class='ocrx_word' id='word_1_206' title='bbox 428 2456 557 2532; x_wconf 80' lang='lat' dir='ltr'><strong>gravitati</strong></span> <span class='ocrx_word' id='word_1_207' title='bbox 579 2462 683 2514; x_wconf 87' lang='lat' dir='ltr'><strong>tantum</strong></span> <span class='ocrx_word' id='word_1_208' title='bbox 702 2456 842 2515; x_wconf 90' lang='lat' dir='ltr'><strong>comitatis</strong></span> <span class='ocrx_word' id='word_1_209' title='bbox 865 2454 1019 2533; x_wconf 78' lang='lat' dir='ltr'><strong>adiungere</strong></span> <span class='ocrx_word' id='word_1_210' title='bbox 1038 2471 1095 2514; x_wconf 91' lang='lat' dir='ltr'><strong>uon</strong></span> 
     </span>
     <span class='ocr_line' id='line_1_27' title="bbox 91 2536 1095 2619; baseline 0 -20"><span class='ocrx_word' id='word_1_211' title='bbox 91 2542 181 2599; x_wconf 93' lang='lat' dir='ltr'><strong>minus</strong></span> <span class='ocrx_word' id='word_1_212' title='bbox 196 2537 311 2598; x_wconf 87' lang='lat' dir='ltr'><strong>difficile</strong></span> <span class='ocrx_word' id='word_1_213' title='bbox 323 2556 405 2618; x_wconf 92' lang='lat' dir='ltr'><strong>quam</strong></span> <span class='ocrx_word' id='word_1_214' title='bbox 415 2556 545 2616; x_wconf 79' lang='lat' dir='ltr'><strong>magnum</strong></span> <span class='ocrx_word' id='word_1_215' title='bbox 559 2546 612 2598; x_wconf 88' lang='lat' dir='ltr'><strong>est.</strong></span> <span class='ocrx_word' id='word_1_216' title='bbox 633 2536 665 2598; x_wconf 96' lang='lat' dir='ltr'><strong>ld</strong></span> <span class='ocrx_word' id='word_1_217' title='bbox 676 2547 705 2598; x_wconf 90' lang='lat' dir='ltr'><strong>tu</strong></span> <span class='ocrx_word' id='word_1_218' title='bbox 714 2556 782 2605; x_wconf 68' lang='lat' dir='ltr'><strong>,oum</strong></span> <span class='ocrx_word' id='word_1_219' title='bbox 800 2539 958 2599; x_wconf 86' lang='lat' dir='ltr'><strong>incredibili</strong></span> <span class='ocrx_word' id='word_1_220' title='bbox 976 2538 1095 2619; x_wconf 89' lang='lat' dir='ltr'><strong>quadam</strong></span> 
     </span>
     <span class='ocr_line' id='line_1_28' title="bbox 91 2620 1120 2702; baseline 0.003 -19"><span class='ocrx_word' id='word_1_221' title='bbox 91 2624 229 2684; x_wconf 86' lang='lat' dir='ltr'><strong>suavitate</strong></span> <span class='ocrx_word' id='word_1_222' title='bbox 245 2639 405 2682; x_wconf 91' lang='lat' dir='ltr'><strong>sermonum</strong></span> <span class='ocrx_word' id='word_1_223' title='bbox 419 2631 477 2681; x_wconf 90' lang='lat' dir='ltr'><strong>tum</strong></span> <span class='ocrx_word' id='word_1_224' title='bbox 494 2620 542 2680; x_wconf 90' lang='lat' dir='ltr'><strong>vel</strong></span> <span class='ocrx_word' id='word_1_225' title='bbox 556 2623 711 2701; x_wconf 87' lang='lat' dir='ltr'><strong>praecipue</strong></span> <span class='ocrx_word' id='word_1_226' title='bbox 729 2622 796 2683; x_wconf 88' lang='lat' dir='ltr'><strong>stilo</strong></span> <span class='ocrx_word' id='word_1_227' title='bbox 815 2622 990 2702; x_wconf 85' lang='lat' dir='ltr'><strong>adsequeris.</strong></span> <span class='ocrx_word' id='word_1_228' title='bbox 1025 2621 1120 2686; x_wconf 85' lang='lat' dir='ltr'><strong>Nam3</strong></span> 
     </span>
     <span class='ocr_line' id='line_1_29' title="bbox 90 2703 1093 2785; baseline -0.002 -19"><span class='ocrx_word' id='word_1_229' title='bbox 90 2715 120 2766; x_wconf 86' lang='lat' dir='ltr'><strong>et</strong></span> <span class='ocrx_word' id='word_1_230' title='bbox 142 2705 271 2784; x_wconf 86' lang='lat' dir='ltr'><strong>loquenti</strong></span> <span class='ocrx_word' id='word_1_231' title='bbox 290 2707 341 2767; x_wconf 90' lang='lat' dir='ltr'><strong>tibi</strong></span> <span class='ocrx_word' id='word_1_232' title='bbox 359 2705 407 2765; x_wconf 93' lang='lat' dir='ltr'><strong>illa</strong></span> <span class='ocrx_word' id='word_1_233' title='bbox 424 2703 568 2765; x_wconf 86' lang='lat' dir='ltr'><strong>Homerici</strong></span> <span class='ocrx_word' id='word_1_234' title='bbox 586 2707 666 2768; x_wconf 90' lang='lat' dir='ltr'><strong>senis</strong></span> <span class='ocrx_word' id='word_1_235' title='bbox 688 2706 772 2766; x_wconf 90' lang='lat' dir='ltr'><strong>mella</strong></span> <span class='ocrx_word' id='word_1_236' title='bbox 791 2706 946 2785; x_wconf 81' lang='lat' dir='ltr'><strong>profluere,</strong></span> <span class='ocrx_word' id='word_1_237' title='bbox 966 2715 998 2766; x_wconf 86' lang='lat' dir='ltr'><strong>et</strong></span> <span class='ocrx_word' id='word_1_238' title='bbox 1019 2722 1093 2782; x_wconf 91' lang='lat' dir='ltr'><strong>quae</strong></span> 
     </span>
    </p>

    <p class='ocr_par' dir='ltr' id='par_1_9' title="bbox 46 2788 1121 3201">
     <span class='ocr_line' id='line_1_30' title="bbox 46 2788 1093 2869; baseline -0.004 -19"><span class='ocrx_word' id='word_1_239' title='bbox 46 2790 192 2856; x_wconf 71' lang='lat' dir='ltr'><strong>adscribis</strong></span> <span class='ocrx_word' id='word_1_240' title='bbox 206 2788 351 2869; x_wconf 89' lang='lat' dir='ltr'><strong>complere</strong></span> <span class='ocrx_word' id='word_1_241' title='bbox 364 2806 434 2868; x_wconf 91' lang='lat' dir='ltr'><strong>apes</strong></span> <span class='ocrx_word' id='word_1_242' title='bbox 448 2788 564 2849; x_wconf 89' lang='lat' dir='ltr'><strong>lloribus</strong></span> <span class='ocrx_word' id='word_1_243' title='bbox 575 2799 605 2849; x_wconf 96' lang='lat' dir='ltr'><strong>et</strong></span> <span class='ocrx_word' id='word_1_244' title='bbox 622 2792 768 2849; x_wconf 87' lang='lat' dir='ltr'><strong>innectere</strong></span> <span class='ocrx_word' id='word_1_245' title='bbox 785 2789 923 2849; x_wconf 84' lang='lat' dir='ltr'><strong>videntur.</strong></span> <span class='ocrx_word' id='word_1_246' title='bbox 956 2788 997 2848; x_wconf 85' lang='lat' dir='ltr'><strong>lta</strong></span> <span class='ocrx_word' id='word_1_247' title='bbox 1015 2796 1093 2846; x_wconf 90' lang='lat' dir='ltr'><strong>certe</strong></span> 
     </span>
     <span class='ocr_line' id='line_1_31' title="bbox 91 2869 1093 2951; baseline -0.004 -17"><span class='ocrx_word' id='word_1_248' title='bbox 91 2892 154 2935; x_wconf 90' lang='lat' dir='ltr'><strong>sum</strong></span> <span class='ocrx_word' id='word_1_249' title='bbox 165 2872 295 2932; x_wconf 81' lang='lat' dir='ltr'><strong>adlectus</strong></span> <span class='ocrx_word' id='word_1_250' title='bbox 308 2875 388 2951; x_wconf 88' lang='lat' dir='ltr'><strong>ipse,</strong></span> <span class='ocrx_word' id='word_1_251' title='bbox 412 2891 476 2932; x_wconf 92' lang='lat' dir='ltr'><strong>eum</strong></span> <span class='ocrx_word' id='word_1_252' title='bbox 492 2869 600 2932; x_wconf 87' lang='lat' dir='ltr'><strong>Graeca</strong></span> <span class='ocrx_word' id='word_1_253' title='bbox 612 2874 812 2951; x_wconf 81' lang='lat' dir='ltr'><strong>epigrammata</strong></span> <span class='ocrx_word' id='word_1_254' title='bbox 825 2881 888 2946; x_wconf 80' lang='lat' dir='ltr'><strong>tue,</strong></span> <span class='ocrx_word' id='word_1_255' title='bbox 910 2889 974 2930; x_wconf 90' lang='lat' dir='ltr'><strong>cnm</strong></span> <span class='ocrx_word' id='word_1_256' title='bbox 985 2871 1093 2930; x_wconf 88' lang='lat' dir='ltr'><strong>iambos</strong></span> 
     </span>
     <span class='ocr_line' id='line_1_32' title="bbox 89 2954 1121 3037; baseline 0 -20"><span class='ocrx_word' id='word_1_257' title='bbox 89 2959 219 3037; x_wconf 80' lang='lat' dir='ltr'><strong>proxime</strong></span> <span class='ocrx_word' id='word_1_258' title='bbox 238 2956 373 3033; x_wconf 78' lang='lat' dir='ltr'><strong>legerem.</strong></span> <span class='ocrx_word' id='word_1_259' title='bbox 410 2954 548 3029; x_wconf 82' lang='lat' dir='ltr'><strong>Quantum</strong></span> <span class='ocrx_word' id='word_1_260' title='bbox 565 2956 605 3014; x_wconf 91' lang='lat' dir='ltr'><strong>ibi</strong></span> <span class='ocrx_word' id='word_1_261' title='bbox 621 2956 795 3015; x_wconf 89' lang='lat' dir='ltr'><strong>humanitatis</strong></span> <span class='ocrx_word' id='word_1_262' title='bbox 819 2955 993 3032; x_wconf 84' lang='lat' dir='ltr'><strong>venustatis,</strong></span> <span class='ocrx_word' id='word_1_263' title='bbox 1013 2964 1121 3032; x_wconf 90' lang='lat' dir='ltr'><strong>quam4</strong></span> 
     </span>
     <span class='ocr_line' id='line_1_33' title="bbox 89 3035 1092 3118; baseline -0.004 -18"><span class='ocrx_word' id='word_1_264' title='bbox 89 3040 183 3100; x_wconf 90' lang='lat' dir='ltr'><strong>dulcia</strong></span> <span class='ocrx_word' id='word_1_265' title='bbox 194 3039 257 3116; x_wconf 93' lang='lat' dir='ltr'><strong>illa,</strong></span> <span class='ocrx_word' id='word_1_266' title='bbox 277 3057 358 3118; x_wconf 92' lang='lat' dir='ltr'><strong>quam</strong></span> <span class='ocrx_word' id='word_1_267' title='bbox 370 3042 502 3113; x_wconf 91' lang='lat' dir='ltr'><strong>amantia,</strong></span> <span class='ocrx_word' id='word_1_268' title='bbox 524 3055 606 3115; x_wconf 92' lang='lat' dir='ltr'><strong>quam</strong></span> <span class='ocrx_word' id='word_1_269' title='bbox 621 3046 734 3116; x_wconf 82' lang='lat' dir='ltr'><strong>arguta,</strong></span> <span class='ocrx_word' id='word_1_270' title='bbox 753 3036 938 3116; x_wconf 87' lang='lat' dir='ltr'><strong>quamrecta!</strong></span> <span class='ocrx_word' id='word_1_271' title='bbox 963 3035 1092 3098; x_wconf 81' lang='lat' dir='ltr'><strong>Callima-</strong></span> 
     </span>
     <span class='ocr_line' id='line_1_34' title="bbox 90 3120 1092 3201; baseline -0.004 -18"><span class='ocrx_word' id='word_1_272' title='bbox 90 3125 174 3184; x_wconf 84' lang='lat' dir='ltr'><strong>clrum</strong></span> <span class='ocrx_word' id='word_1_273' title='bbox 192 3141 238 3182; x_wconf 90' lang='lat' dir='ltr'><strong>me</strong></span> <span class='ocrx_word' id='word_1_274' title='bbox 254 3123 302 3183; x_wconf 87' lang='lat' dir='ltr'><strong>vel</strong></span> <span class='ocrx_word' id='word_1_275' title='bbox 317 3121 451 3183; x_wconf 89' lang='lat' dir='ltr'><strong>Heroden</strong></span> <span class='ocrx_word' id='word_1_276' title='bbox 468 3120 516 3181; x_wconf 94' lang='lat' dir='ltr'><strong>vel</strong></span> <span class='ocrx_word' id='word_1_277' title='bbox 532 3124 557 3181; x_wconf 90' lang='lat' dir='ltr'><strong>si</strong></span> <span class='ocrx_word' id='word_1_278' title='bbox 571 3121 638 3201; x_wconf 93' lang='lat' dir='ltr'><strong>quid</strong></span> <span class='ocrx_word' id='word_1_279' title='bbox 649 3123 692 3183; x_wconf 81' lang='lat' dir='ltr'><strong>luis</strong></span> <span class='ocrx_word' id='word_1_280' title='bbox 706 3121 806 3181; x_wconf 90' lang='lat' dir='ltr'><strong>melius</strong></span> <span class='ocrx_word' id='word_1_281' title='bbox 817 3130 915 3181; x_wconf 85' lang='lat' dir='ltr'><strong>tenere</strong></span> <span class='ocrx_word' id='word_1_282' title='bbox 927 3120 1092 3189; x_wconf 81' lang='lat' dir='ltr'><strong>credebam3</strong></span> 
     </span>
    </p>

    <p class='ocr_par' dir='ltr' id='par_1_10' title="bbox 44 3203 1117 3444">
     <span class='ocr_line' id='line_1_35' title="bbox 44 3203 1117 3289; baseline -0.005 -19"><span class='ocrx_word' id='word_1_283' title='bbox 44 3216 81 3270; x_wconf 78' lang='lat'><strong>35</strong></span> <span class='ocrx_word' id='word_1_284' title='bbox 90 3226 211 3289; x_wconf 91' lang='lat' dir='ltr'><strong>quorum</strong></span> <span class='ocrx_word' id='word_1_285' title='bbox 226 3216 319 3267; x_wconf 89' lang='lat' dir='ltr'><strong>tamen</strong></span> <span class='ocrx_word' id='word_1_286' title='bbox 332 3215 433 3267; x_wconf 89' lang='lat' dir='ltr'><strong>neuter</strong></span> <span class='ocrx_word' id='word_1_287' title='bbox 449 3214 598 3285; x_wconf 89' lang='lat' dir='ltr'><strong>utrumque</strong></span> <span class='ocrx_word' id='word_1_288' title='bbox 610 3215 656 3265; x_wconf 89' lang='lat' dir='ltr'><strong>aut</strong></span> <span class='ocrx_word' id='word_1_289' title='bbox 668 3204 789 3266; x_wconf 90' lang='lat' dir='ltr'><strong>absolvit</strong></span> <span class='ocrx_word' id='word_1_290' title='bbox 805 3213 853 3264; x_wconf 92' lang='lat' dir='ltr'><strong>aut</strong></span> <span class='ocrx_word' id='word_1_291' title='bbox 865 3206 963 3283; x_wconf 81' lang='lat' dir='ltr'><strong>attigit.</strong></span> <span class='ocrx_word' id='word_1_292' title='bbox 997 3203 1117 3265; x_wconf 76' lang='lat' dir='ltr'><strong>Romi-5</strong></span> 
     </span>
     <span class='ocr_line' id='line_1_36' title="bbox 87 3286 1092 3367; baseline -0.007 -15"><span class='ocrx_word' id='word_1_293' title='bbox 87 3309 191 3352; x_wconf 87' lang='lat' dir='ltr'><strong>uemuo</strong></span> <span class='ocrx_word' id='word_1_294' title='bbox 210 3291 365 3350; x_wconf 88' lang='lat' dir='ltr'><strong>llomnnurn</strong></span> <span class='ocrx_word' id='word_1_295' title='bbox 382 3300 438 3350; x_wconf 92' lang='lat' dir='ltr'><strong>tam</strong></span> <span class='ocrx_word' id='word_1_296' title='bbox 458 3287 567 3349; x_wconf 83' lang='lat' dir='ltr'><strong>Graece</strong></span> <span class='ocrx_word' id='word_1_297' title='bbox 584 3286 685 3367; x_wconf 79' lang='lat' dir='ltr'><strong>loqui?</strong></span> <span class='ocrx_word' id='word_1_298' title='bbox 706 3287 771 3346; x_wconf 89' lang='lat' dir='ltr'><strong>Non</strong></span> <span class='ocrx_word' id='word_1_299' title='bbox 789 3286 898 3348; x_wconf 90' lang='lat' dir='ltr'><strong>medius</strong></span> <span class='ocrx_word' id='word_1_300' title='bbox 917 3289 997 3349; x_wconf 89' lang='lat' dir='ltr'><strong>lidius</strong></span> <span class='ocrx_word' id='word_1_301' title='bbox 1015 3289 1092 3366; x_wconf 87' lang='lat' dir='ltr'><strong>ipsas</strong></span> 
     </span>
     <span class='ocr_line' id='line_1_37' title="bbox 87 3367 1093 3444; baseline -0.009 -9"><span class='ocrx_word' id='word_1_302' title='bbox 87 3375 216 3437; x_wconf 82' lang='lat' dir='ltr'><strong>Athenas</strong></span> <span class='ocrx_word' id='word_1_303' title='bbox 237 3383 292 3436; x_wconf 87' lang='lat' dir='ltr'><strong>tam</strong></span> <span class='ocrx_word' id='word_1_304' title='bbox 308 3373 416 3434; x_wconf 79' lang='lat' dir='ltr'><strong>Atticas</strong></span> <span class='ocrx_word' id='word_1_305' title='bbox 442 3371 568 3433; x_wconf 80' lang='lat' dir='ltr'><strong>dixerim.</strong></span> <span class='ocrx_word' id='word_1_306' title='bbox 604 3371 679 3444; x_wconf 82' lang='lat' dir='ltr'><strong>Quid</strong></span> <span class='ocrx_word' id='word_1_307' title='bbox 703 3369 810 3431; x_wconf 75' lang='lat' dir='ltr'><strong>multa?</strong></span> <span class='ocrx_word' id='word_1_308' title='bbox 838 3372 952 3431; x_wconf 84' lang='lat' dir='ltr'><strong>invideo</strong></span> <span class='ocrx_word' id='word_1_309' title='bbox 975 3367 1093 3431; x_wconf 82' lang='lat' dir='ltr'><strong>Graecis</strong></span> 
     </span>
    </p>
   </div>
   <div class='ocr_carea' id='block_1_5' title="bbox 88 3453 1092 3597">
    <p class='ocr_par' dir='ltr' id='par_1_11' title="bbox 88 3453 1092 3597">
     <span class='ocr_line' id='line_1_38' title="bbox 88 3453 1092 3597; baseline -0.011 -77"><span class='ocrx_word' id='word_1_310' title='bbox 88 3460 166 3532; x_wconf 89' lang='lat' dir='ltr'><strong>quod</strong></span> <span class='ocrx_word' id='word_1_311' title='bbox 183 3458 295 3519; x_wconf 90' lang='lat' dir='ltr'><strong>illomm</strong></span> <span class='ocrx_word' id='word_1_312' title='bbox 311 3457 406 3534; x_wconf 80' lang='lat' dir='ltr'><strong>lingua</strong></span> <span class='ocrx_word' id='word_1_313' title='bbox 421 3455 548 3516; x_wconf 87' lang='lat' dir='ltr'><strong>scribere</strong></span> <span class='ocrx_word' id='word_1_314' title='bbox 564 3455 695 3515; x_wconf 91' lang='lat' dir='ltr'><strong>maluisti.</strong></span> <span class='ocrx_word' id='word_1_315' title='bbox 720 3453 822 3535; x_wconf 87' lang='lat' dir='ltr'><strong>Neque</strong></span> <span class='ocrx_word' id='word_1_316' title='bbox 840 3455 1092 3597; x_wconf 61' lang='lat' dir='ltr'><strong>eniqr*oonieetura</strong></span> 
     </span>
    </p>
   </div>
   <div class='ocr_carea' id='block_1_6' title="bbox 0 0 1204 3848">
    <p class='ocr_par' dir='ltr' id='par_1_12' title="bbox 0 0 1204 3848">
     <span class='ocr_line' id='line_1_39' title="bbox 0 0 1204 3848; baseline 0 1"><span class='ocrx_word' id='word_1_317' title='bbox 0 0 1204 3848; x_wconf 95' lang='lat' dir='ltr'><strong> </strong></span> 
     </span>
    </p>
   </div>
  </div>
 </body>
</html>
