2400 3840
84 178 126 242 42
512 175 544 236 C.
566 173 662 236 Pbllll

60 339 311 410 tpermoveretur.
344 329 442 390 Potest
457 339 550 390 tamen
566 328 626 387 lieri
640 338 671 390 ιιι
688 344 856 407 quamquam
869 327 898 387 in
913 327 957 387 bis
971 325 1085 387 dillicul-

86 414 190 474 tatibus
210 413 284 473 libro
305 415 352 474 isti
371 415 482 473 novitas
506 413 703 489 lenocinetur,
731 412 843 471 novitas
863 411 940 489 opud
961 420 1084 480 nostmm

86 497 161 577 apud
173 495 300 557 Graecos
319 498 393 558 enim
410 507 454 559 est
466 495 596 575 quiddam
607 497 734 575 quamvis
749 512 786 556 ex
799 493 920 556 diverso
930 504 1086 555 nontamen

60 583 199 645 domnino
216 579 360 641 dissimile.
381 579 453 642 Nam
467 591 496 640 ιιι
508 580 563 640 illis
575 589 636 639 orat
648 581 734 639 moris
750 578 834 656 leges
849 596 920 658 quas
936 589 969 640 ut
983 587 1086 639 conus·

86 667 142 726 rias
155 666 296 743 prioribus
308 664 422 742 legibus
434 666 589 742 arguebant
605 663 720 723 aliarum
736 661 891 722 collatione
907 664 1105 740 convinceret

87 752 125 809 ita
141 749 223 810 nobis
236 750 331 810 inesse
343 748 562 827 repetundarum
574 747 633 824 legi
647 746 722 825 quod
736 745 948 824 postularemus
965 765 1029 807 cnm
1038 745 1086 806 lrsc

86 836 149 912 ipsa
164 832 232 911 lege
246 843 304 894 tum
319 832 381 892 aliis
393 831 583 908 colligendum
595 831 660 900 iuit;
678 829 754 909 quod
768 847 950 908 nequaquam
963 830 1087 892 blondum

87 918 201 977 auribus
215 918 400 995 inperitorum
413 924 490 974 tanto
504 918 639 975 maiorem
651 914 726 992 apud
737 914 838 974 doctos
852 913 962 974 babere
977 916 1087 992 gratiam

60 1000 191 1077 9debet,
217 1007 321 1077 quanto
342 1001 479 1057 minorem
499 997 573 1075 apud
589 997 720 1058 indoctos
736 997 832 1057 hehet.
864 995 927 1057 Nos
941 1006 1052 1076 autem,
1065 999 1088 1056 si

87 1083 226 1161 placuerit
248 1081 386 1158 recitare,
408 1079 556 1139 adhibituri
578 1099 675 1143 sumus
698 1080 916 1141 eruditissimum
939 1099 1116 1160 quemquem

88 1165 146 1224 Sed
161 1163 245 1243 plane
260 1163 351 1225 adhuc
366 1183 401 1225 an
416 1166 452 1223 sit
472 1163 646 1224 recitandum
662 1167 788 1225 examina
804 1173 918 1240 tecum,
942 1167 1086 1244 omnisque

88 1266 164 1327 quos
172 1264 228 1325 ego
244 1250 319 1307 movi
337 1249 365 1307 in
382 1257 502 1325 utraque
517 1257 597 1325 parte
614 1247 740 1308 calculos
755 1265 850 1326 pono,
866 1247 956 1326 idque
975 1249 1087 1327 eligeis

89 1349 145 1412 quo
160 1333 260 1392 vicerit
274 1333 356 1392 ratio.
376 1331 442 1392 Ate
454 1333 527 1391 enim
543 1335 613 1392 ratio
627 1334 759 1409 exigitur,
776 1349 828 1391 nos
844 1334 996 1394 excusabit
1010 1335 1086 1394 obse·

88 1418 190 1496 quoium.
222 1415 302 1475 Vale.

555 1547 610 1609 XX
699 1538 702 1551 ·
1093 1511 1117 1565 15

354 1648 381 1701 G.
403 1649 529 1699 PLINIUS
549 1647 697 1699 cnnvrslo
717 1646 777 1699 SUO
795 1646 822 1702 S.

64 1763 75 1814 l
147 1749 253 1809 Assem
264 1767 333 1828 para
346 1759 376 1811 et
389 1751 490 1829 accipe
505 1769 618 1810 auream
630 1749 764 1829 fabulam,
781 1749 890 1811 lebulas
906 1751 1008 1811 immo:
1030 1767 1088 1811 nam

88 1851 134 1892 me
149 1833 275 1912 priorum
291 1851 364 1893 nova
379 1833 537 1912 admonuit,
557 1854 612 1895 neo
627 1834 815 1912 refertaque
831 1837 1012 1913 potissimum
1024 1835 1086 1894 inci·

62 1917 170 1994 spiam.
187 1914 308 1977 Verania
319 1916 428 1980 Pisonis
440 1921 565 1996 graviter
576 1919 697 1996 iacebat,
710 1918 792 1980 buius
805 1917 871 1980 dico
882 1917 996 1980 PIsonis
1009 1934 1121 1996 quemso

90 1998 178 2060 Galba
192 2000 343 2080 adoptavit.
366 2002 412 2062 Ad
426 2002 498 2062 huno
513 2001 643 2080 Regulus
657 2003 742 2062 veuit.
769 2000 889 2062 Primum
901 2003 1087 2082 inpudentiam

89 2083 209 2145 bominis
224 2087 272 2165 qui
284 2089 395 2147 venerit
407 2086 442 2147 ad
455 2085 581 2166 aegram,
595 2088 675 2146 cuius
689 2087 787 2146 marito
799 2087 1022 2164 inimicissimus,
1036 2085 1087 2165 ipsi

60 2169 274 2232 einrisissimus
289 2169 389 2230 luerat.
411 2170 494 2248 Esto,
511 2172 536 2231 si
551 2171 629 2231 venit
642 2179 762 2230 tantum:
778 2169 813 2229 ad
828 2168 878 2231 ille
894 2173 980 2230 etiam
997 2170 1087 2251 prori-

87 2270 149 2312 mus
163 2262 227 2313 toro
243 2253 328 2328 sedit,
345 2271 402 2331 quo
418 2252 475 2329 die,
492 2272 548 2332 qua
562 2253 632 2313 bora
645 2263 710 2314 nata
724 2265 805 2315 esset
819 2255 1015 2332 interrogavit.
1037 2253 1088 2314 Ubi

89 2334 191 2412 audiit,
209 2337 353 2413 componit
366 2334 490 2414 vultum,
512 2337 630 2399 intendit
645 2337 764 2415 oeulos,
781 2346 877 2398 movet
891 2337 987 2413 labra,
1005 2339 1121 2416 agitatio

89 2417 205 2494 digitos,
220 2428 378 2496 computat;
391 2418 474 2478 nihil:
490 2421 575 2481 utdiu
582 2423 923 2500 miseramexpectatione
931 2421 1087 2502 suspendit,

63 2499 203 2563 4‘habes'
225 2501 322 2579 inquid
344 2501 578 2566 ‘climacterioum
595 2514 725 2584 tempus,
747 2505 800 2566 sed
815 2505 931 2567 evades.
963 2505 1048 2579 Quod
1061 2514 1089 2564 ut

88 2583 139 2643 tibi
152 2585 242 2660 magis
257 2584 375 2663 liqueat,
390 2585 571 2666 haruspicem
587 2588 733 2649 consulam
748 2607 832 2667 quem
847 2608 909 2650 sum
923 2589 1090 2668 frequenter

61 2673 248 2746 bexpertus'.
270 2666 333 2728 Nec
343 2687 436 2740 mora;
454 2672 623 2732 sacrificium
634 2671 712 2749 lacit,
728 2671 853 2732 adfirmat
863 2682 929 2733 exta
941 2691 1006 2733 cum
1017 2671 1088 2734 side·

87 2769 147 2810 rum
160 2753 366 2830 significatione
380 2771 549 2830 congruere.
569 2753 632 2832 Illa,
640 2764 671 2815 ut
677 2757 705 2815 in
713 2755 843 2834 periculo
855 2756 984 2834 credula,
997 2756 1124 2836 poseitdb

88 2834 255 2913 codicillos,
276 2835 402 2914 legatum
418 2836 531 2914 Regulo
552 2839 666 2899 scribit:
691 2856 759 2899 mox
778 2841 965 2918 ingravescit:
990 2839 1090 2901 clamat

87 2920 211 2979 moriens
226 2919 368 2981 hominem
382 2939 520 2998 nequam,
543 2921 681 3000 perfidum
695 2941 729 2983 ae
745 2921 810 3001 pius
826 2926 909 2984 etiam
928 2941 1012 3003 quam
1027 2941 1089 3002 per·

62 3002 196 3080 biurum,
220 3005 267 3084 qui
287 3004 341 3064 sibi
364 3022 416 3081 per
433 3004 554 3065 salutem
569 3005 618 3064 lilii
633 3007 803 3084 peierasset.
826 3007 906 3068 Facit
921 3006 979 3069 boc
994 3006 1090 3084 Regu·

86 3083 131 3144 lus
146 3101 203 3145 non
217 3088 307 3147 minus
323 3085 466 3148 scelerate
479 3107 562 3168 quam
576 3088 759 3167 frequenter,
783 3090 860 3169 quod
875 3091 944 3151 iram
960 3090 1088 3166 deorum,

87 3185 159 3247 quos
182 3170 247 3248 ipse
269 3171 372 3230 cotidie
400 3170 489 3250 fallit,
517 3174 546 3232 in
568 3182 652 3250 caput
673 3171 797 3236 infelicis
818 3177 899 3253 pueri
921 3175 1123 3238 detestatur.3i

62 3250 215 3314 iVelleius
231 3253 367 3331 Blaesus,
391 3253 441 3316 ille
461 3254 593 3334 locuples
615 3256 790 3335 consularis,
813 3259 969 3320 novissima
989 3257 1088 3319 valim-

87 3334 151 3395 dine
174 3337 402 3398 conflictabatur:
432 3340 565 3418 cupiebat
584 3349 691 3401 mutare
707 3350 914 3403 testamentum.
947 3341 1088 3422 Regulus,

86 3419 134 3499 qui
151 3430 280 3500 speraret
296 3420 401 3502 aliquid
423 3441 460 3483 ex
475 3424 557 3483 novis
571 3421 694 3503 tabulis,
709 3426 776 3502 quia
787 3443 879 3502 nuper
895 3435 1012 3503 captare
1026 3443 1090 3487 eum
