2400 3840
86 185 126 248 16
511 177 544 240 C.
567 176 664 240 rttrtt

86 352 199 399 causam
211 332 272 394 luni
289 332 426 410 Pastoris,
443 350 506 392 cum
519 331 586 391 mibi
601 331 761 410 quiescenti
775 329 837 390 visa
851 337 898 388 est
912 343 1015 388 socrus
1028 344 1085 388 urea

85 417 219 481 advoluta
232 416 354 495 genibus
369 434 406 476 ne
421 433 536 494 agerem
550 415 716 476 obsecrare.
744 410 782 472 Et
797 429 875 472 eram
894 419 1010 472 acturus
1024 410 1084 471 adu·

86 500 265 565 lescentulus
279 499 381 577 adhuc,
397 518 474 560 eram
484 501 512 559 in
523 498 700 578 quadruplici
710 497 826 573 iudicio,
842 512 921 557 eram
933 503 1030 556 contra
1039 512 1084 574 po·

87 587 263 647 tentissimos
279 585 399 645 civitatis
410 593 497 663 atque
512 585 596 644 etiam
608 579 739 643 Caesaris
753 582 876 648 amicos;
893 597 966 657 quae
981 576 1084 658 singula
1131 622 1134 633 .

64 673 226 732 texentere
240 677 364 729 mentem
376 667 443 728 mihi
458 676 526 747 post
542 677 599 728 tam
615 667 696 726 triste
710 666 848 725 somnium
862 672 1007 743 poteraut.
1034 660 1101 740 tine

87 765 181 816 tamen
195 755 233 814 io
257 745 413 831 ισάμενος
426 750 496 812 illud

206 855 221 897 ε
237 827 385 910 colende
402 826 536 913 ἄριστος
547 825 741 912 ἀμύνασθαι
754 826 830 908 περὶ
841 824 979 910 πάτρης.

87 921 158 982 Nam
171 921 237 981 mibi
259 921 347 999 patria
369 928 399 978 et
417 920 442 980 si
463 917 529 997 quid
552 918 643 978 carius
664 916 735 976 tides
758 915 918 974 videbatur.
950 912 1084 994 Prospere
1130 928 1134 935 ·

89 1007 194 1082 cessit,
216 1013 301 1081 atque
317 1002 390 1063 adeo
405 1000 454 1062 illa
467 1002 543 1062 actio
557 1000 623 1061 mibi
641 1019 724 1062 aures
739 999 898 1076 homiuum,
920 996 970 1058 illa
983 999 1085 1058 ionum

61 1089 178 1148 tfamae
193 1086 341 1166 patefecit.
370 1084 492 1146 Proinde
507 1085 617 1164 dispice
631 1103 666 1145 an
680 1094 709 1145 tu
726 1101 840 1163 quoque
856 1083 910 1143 sub
926 1081 984 1143 boo
998 1084 1114 1144 exem-lt

88 1169 138 1251 plo
158 1171 295 1231 somnium
316 1169 392 1230 istud
405 1170 433 1229 iu
449 1169 553 1230 bonum
568 1177 680 1246 vertas,
704 1178 751 1229 aut
771 1169 794 1229 si
814 1167 901 1227 tutius
921 1175 1005 1246 putas
1023 1162 1085 1226 illud

89 1255 243 1315 cautissimi
259 1255 397 1332 cuiusque
412 1261 598 1333 praeceptum
617 1252 707 1330 ‘quod
729 1251 839 1312 dubitas
859 1269 896 1311 ne
912 1251 1044 1328 leceris’,
1060 1245 1085 1307 id

63 1339 180 1417 6ipsum
195 1337 335 1398 rescribe.
356 1337 421 1415 Ego
436 1337 557 1416 aliquam
568 1337 712 1415 stropham
724 1335 863 1396 inveniam
872 1351 1013 1414 agamque
1028 1349 1084 1393 cau·

87 1441 146 1483 sam
161 1432 253 1500 tuam,
272 1431 303 1482 ut
318 1423 408 1501 ipsam
428 1440 516 1499 agere
537 1429 583 1496 tu,
607 1438 670 1479 eum
687 1419 788 1496 voles,
810 1420 917 1497 possis.
951 1417 1005 1480 Est
1019 1417 1085 1478 euim

87 1525 155 1566 sane
171 1505 225 1566 alia
239 1509 311 1567 ratio
326 1515 390 1581 tua,
413 1504 466 1564 alia
480 1522 544 1564 mea
558 1503 619 1562 tuit.
651 1503 721 1563 Nam
735 1503 867 1563 iudicium
887 1499 1113 1563 centumviralelt

88 1588 193 1649 dilierri
205 1588 390 1666 nullomodo,
404 1588 479 1648 istud
491 1605 578 1665 aegre
591 1588 704 1665 quidem
716 1587 768 1648 sed
780 1596 872 1647 tamen
885 1593 995 1664 potest.
1009 1583 1084 1645 Vsle.

559 1720 584 1779 V
641 1763 649 1778 .

301 1817 328 1872 c.
348 1817 473 1870 PLINIUS
492 1720 639 1875 Rodnltllld
656 1817 755 1870 FIRMO
774 1817 880 1870 SUOS.

69 1927 83 1976 1
156 1917 305 1998 Municeps
326 1928 455 1981 tumens
478 1930 508 1982 et
531 1921 742 2000 condiscipulus
762 1930 792 1981 et
813 1920 848 1979 ab
864 1921 982 1981 ineunte
1001 1919 1118 1980 aeatett

91 2003 312 2079 contubernalis,
328 2013 409 2082 pater
424 2014 489 2066 tuus
505 2008 623 2066 etmatri
636 2016 665 2067 et
675 2003 815 2065 avunculo
825 2020 902 2081 meo,
918 2003 987 2064 mibi
998 2005 1085 2078 etiarn,

90 2099 223 2167 quantum
234 2090 334 2155 aetatis
350 2089 499 2150 diversitas
515 2106 600 2167 passa
615 2100 671 2167 est,
686 2087 840 2157 familiaris;
855 2105 976 2165 maguae
991 2096 1020 2148 et
1031 2103 1086 2164 gra·

89 2191 142 2233 ves
166 2190 269 2233 causae
294 2191 345 2233 cur
374 2175 523 2252 suscipere
549 2192 655 2250 augere
678 2173 840 2251 dignitatem
863 2180 938 2231 tuam
964 2170 1087 2232 debean.

66 2254 165 2315 tEsse
177 2264 271 2315 autem
287 2257 337 2315 tibi
353 2266 466 2316 centum
477 2255 583 2316 milium
599 2275 715 2318 censum
730 2258 798 2317 satis
813 2254 919 2317 indicat
930 2254 1008 2334 qnod
1019 2251 1088 2334 apud

90 2355 143 2398 nos
159 2337 276 2398 decurio
292 2357 334 2398 es.
358 2337 448 2416 igitur
461 2350 535 2401 otte
550 2358 605 2402 non
621 2341 775 2402 decurione
789 2338 880 2400 solum
896 2356 997 2399 rerum
1010 2340 1120 2400 etiami

91 2423 188 2499 equite
203 2420 330 2481 Romano
346 2423 532 2503 perfruamur,
554 2425 645 2485 ollero
661 2426 711 2486 tibi
726 2424 761 2484 ad
775 2422 925 2502 inplendas
940 2431 1088 2502 equestres

65 2503 243 2564 blacultates
259 2514 387 2566 trecenta
400 2507 477 2568 milia
491 2526 641 2568 nummum.
673 2508 714 2570 'le
727 2524 882 2569 memorem
897 2507 982 2569 huius
996 2523 1089 2566 muue-

89 2589 129 2649 ris
147 2589 287 2649 amicitiae
300 2599 414 2652 nostrae
427 2592 591 2654 diuturnitas
611 2593 749 2672 spondet:
769 2609 826 2670 ego
841 2610 878 2652 ne
892 2590 965 2651 illud
981 2590 1090 2670 quidem

88 2672 239 2751 admoneo,
258 2673 334 2751 quod
348 2674 499 2736 admouere
516 2677 669 2754 deberem,
690 2678 744 2737 nisi
759 2678 864 2737 scirem
882 2684 988 2754 sponte
1003 2673 1089 2735 factu·

88 2774 160 2835 rum,
180 2768 210 2818 ut
228 2757 364 2836 dignitate
378 2776 394 2817 a
408 2778 452 2820 me
468 2759 531 2820 data
543 2777 626 2838 quam
640 2759 862 2837 modestissime,
880 2768 910 2819 ut
925 2777 942 2818 a
956 2777 1003 2820 me
1018 2758 1122 2834 danto

65 2847 181 2901 lutare.
202 2841 272 2903 Nam
287 2841 438 2904 sollicitius
454 2843 656 2904 custodiendus
668 2853 712 2904 est
726 2843 819 2904 honor
832 2845 860 2902 in
875 2861 932 2922 quo
945 2845 1030 2904 etiam
1042 2843 1089 2902 be·

89 2926 220 2985 uelicium
235 2928 317 2986 amici
333 2926 467 2987 tuendum
481 2937 536 2988 est.
564 2927 645 2989 Vale.

327 3113 330 3120 .
557 3059 622 3121 XX·

214 3218 216 3222 Ι
290 3158 317 3208 o.
335 3157 460 3210 nmmos
479 3157 638 3209 cornuum
655 3159 771 3210 rnorro
790 3158 850 3211 suo
869 3159 895 3211 S.
1096 3183 1124 3238 st
1151 3156 1153 3161 ’

68 3270 82 3320 1
152 3256 301 3336 Frequens
315 3260 382 3320 mibi
397 3260 550 3339 disputatio
565 3270 610 3322 est
625 3279 688 3322 cum
703 3259 824 3341 quodam
838 3261 925 3322 docto
937 3261 1050 3323 bomine
1062 3269 1091 3323 et

88 3343 199 3420 perito,
224 3343 269 3402 cui
291 3343 358 3403 nihil
379 3361 471 3422 aeque
492 3346 520 3404 in
543 3347 636 3406 causis
657 3347 776 3424 agendis
797 3354 827 3405 ut
840 3345 967 3407 brevitas
985 3344 1090 3425 placet.

65 3424 178 3500 tQuam
200 3444 257 3506 ego
282 3428 493 3489 custodiendam
510 3449 576 3490 esse
596 3430 750 3510 confiteor,
775 3431 799 3490 si
823 3447 910 3490 causa
931 3430 1089 3510 permittat:
