2400 3840
114 187 175 254 178
535 184 569 248 G.
589 184 686 248 PLINI

113 344 168 401 deo
187 342 260 400 enim
277 341 329 398 iam
341 337 461 415 ratione,
476 340 541 418 quia
554 348 657 399 tenum.
679 337 750 399 Nam
764 340 821 400 hoe
835 356 952 419 quoque
964 357 1022 400 non
1041 340 1119 402 dissi·

85 424 195 499 tmile,
213 422 290 502 quod
303 421 338 482 ad
352 439 430 483 mare
446 431 492 499 tu,
508 440 565 500 ego
584 422 618 482 ad
636 422 746 483 tarium
760 423 862 484 laeum.
886 423 977 483 IIuius
992 425 1021 483 in
1038 425 1120 487 litore

112 508 209 588 plures
225 507 309 566 villae
323 525 414 583 meae,
431 507 485 568 sed
500 506 572 567 duae
587 509 706 568 maxime
721 516 751 567 ut
764 506 909 568 delectant
921 508 961 568 ita
973 519 1118 570 exercent.

110 591 210 652 Altera
224 592 347 670 inposita
358 592 433 651 sanis
444 608 524 651 more
535 589 639 652 Baiano
650 590 743 651 laeum
755 592 908 671 prospicit,
924 591 1119 673 alternaeque

84 685 191 739 amore
208 675 313 736 Baiano
327 673 419 735 laeum
434 676 531 754 tangit.
564 674 665 755 Itaque
680 674 756 735 illam
773 675 969 754 tragoedum,
985 676 1142 758 haunept

111 759 222 840 pellere
241 758 418 820 comoediam
438 758 537 828 soleo;
560 758 655 837 iilam,
671 759 748 838 quod
763 761 843 839 quasi
857 759 1023 839 cothurnis,
1038 761 1117 839 hano,

113 844 189 925 quod
201 846 281 924 quasi
296 842 422 905 eooeulis
437 845 601 904 sustinetur.
633 843 690 903 Sua
701 844 813 922 utrique
829 846 988 905 amoenitas
1003 855 1034 906 et
1048 856 1118 907 utra·

86 936 169 1008 aque
185 926 344 1009 possidenti
361 929 424 1007 ipsa
446 926 610 989 diversitate
630 926 786 988 iucundior.
809 925 888 987 IIaee
908 927 975 989 lanu
991 932 1118 1009 propius,

112 1012 161 1073 iila
180 1012 264 1071 latius
279 1013 378 1070 utitur:
400 1010 473 1070 haee
489 1029 574 1071 unum
589 1013 680 1072 einum
698 1010 777 1072 molli
793 1013 957 1074 curvamine
973 1012 1118 1093 amplecti·

112 1105 168 1172 tur,
181 1094 229 1154 illa
241 1092 396 1155 editissimo
408 1092 494 1154 dorso
507 1094 578 1155 duos
592 1096 708 1157 dirimit:
730 1094 790 1156 illie
802 1104 881 1155 reeta
892 1097 1020 1174 gestatio
1032 1096 1156 1176 longole

112 1178 199 1237 limite
221 1194 308 1257 super
325 1176 392 1238 litus
414 1178 589 1257 extenditur,
615 1179 663 1241 hio
683 1181 890 1259 spatiosissimo
908 1190 996 1256 xysto
1017 1181 1119 1243 leviter

112 1260 280 1323 inflectitur:
302 1260 350 1322 illa
363 1261 466 1323 duetus
480 1279 537 1323 noa
552 1266 654 1342 sentit,
676 1263 749 1325 haee
763 1263 882 1341 frangit:
908 1283 947 1325 ex
960 1264 1010 1326 illa
1023 1266 1118 1346 poesis

113 1347 257 1427 dispicere
273 1348 428 1426 piscantes,
446 1365 482 1408 ex
493 1347 547 1408 hae
562 1349 625 1427 ipse
638 1349 743 1427 piseari
755 1346 923 1426 hamumque
935 1348 973 1409 de
986 1348 1118 1411 eubiculo

112 1451 147 1492 ao
162 1450 254 1511 paene
269 1432 352 1491 etiam
363 1430 399 1491 de
411 1430 519 1491 lectulo
532 1440 562 1491 ut
577 1450 593 1491 e
608 1431 728 1492 naueula
737 1433 841 1492 iaeere.
864 1430 925 1493 IIae
937 1433 1005 1494 mihi
1017 1451 1119 1496 causae

87 1519 224 1595 sutrique
247 1533 319 1594 quae
342 1515 443 1575 desunt
465 1515 627 1576 adstruendi
648 1516 685 1575 ob
707 1533 741 1575 ea
763 1533 836 1594 quae
857 1527 1021 1595 supersunt.
1062 1517 1155 1578 Sedit

114 1600 180 1679 quid
197 1615 252 1676 ego
263 1599 406 1738 lrationem
426 1595 497 1659 tibi?
521 1599 596 1679 apud
612 1617 697 1678 quem
719 1616 772 1679 pro
790 1599 899 1658 ratione
919 1602 975 1661 erit
990 1603 1065 1663 idem
1081 1601 1119 1661 ia·

113 1700 189 1742 eene.
220 1682 262 1739 Va
275 1699 301 1739 e.

574 1814 651 1877 VIII.

365 1911 392 1967 o.
413 1913 724 1968 PL1N1USAUGUR1N0
744 1916 805 1968 suo
822 1915 849 1971 s,
1126 1947 1156 1998 20

89 2025 100 2077 1
173 2015 203 2076 Si
218 2014 345 2076 laudatus
357 2034 373 2076 a
385 2026 415 2076 te
429 2016 544 2077 laudare
555 2027 584 2078 te
598 2035 736 2098 coepero,
751 2037 855 2080 vereor
869 2037 975 2079 aenon
987 2029 1118 2098 tampro·

112 2101 189 2160 ferre
207 2101 339 2161 iudicium
355 2118 448 2160 meum
465 2120 547 2181 quam
563 2102 674 2163 referre
695 2104 812 2180 gratiam
834 2103 944 2164 videar.
977 2103 1037 2165 Sed
1052 2103 1120 2163 Iieet

111 2186 219 2261 videar,
233 2187 325 2244 omnia
341 2187 448 2263 scripta
464 2194 510 2245 tua
525 2185 716 2265 pulcherrima
732 2189 873 2265 eximino,
890 2188 1012 2259 maxime
1028 2196 1120 2247 tamen

112 2267 160 2328 illa
173 2267 209 2327 de
222 2267 314 2326 nohis.
337 2266 451 2329 Aeoidit
464 2269 521 2329 hoe
535 2288 589 2330 una
605 2269 762 2350 eademque
777 2271 812 2331 de
829 2290 922 2333 eausa.
943 2270 1016 2332 Nam
1034 2280 1064 2333 et
1077 2281 1117 2349 tu,

112 2369 186 2492 {puae
202 2349 361 2492 ditaalmi⁰i⁸’
378 2354 484 2430 optime
500 2355 602 2414 scribis
614 2363 643 2414 et
658 2372 733 2433 ego,
750 2355 874 2435 quaeda
890 2374 953 2436 me,
969 2365 1001 2416 ut
1015 2357 1156 2437 optimate

124 2450 189 2510 ego.
274 2451 300 2492 e.

567 2569 657 2630 VIIII.

398 2669 424 2724 G.
442 2667 567 2720 PLINIUS
585 2670 709 2723 GOLONO
725 2671 786 2724 SUO
802 2670 828 2721 S.

90 2789 101 2841 1
177 2776 266 2836 Uniee
287 2774 379 2854 probo
401 2771 477 2852 quod
499 2771 616 2852 Pompei
637 2772 778 2847 Quintiani
798 2785 890 2835 morte
913 2784 971 2836 tam
987 2775 1158 2842 dolentereo

111 2858 242 2919 adiieeris
255 2869 286 2919 ut
301 2859 396 2919 amissi
413 2858 557 2917 caritatem
578 2857 720 2918 desiderio
742 2858 892 2927 extendam
911 2878 968 2920 non
988 2869 1019 2920 ut
1033 2859 1119 2940 pieri·

112 2959 179 3018 que,
193 2945 241 3020 qui
256 2952 363 3002 tantum
377 2943 509 3002 viventes
528 2951 620 3002 amant
636 2961 688 3004 seu
704 2945 798 3021 potius
812 2961 906 3004 amare
922 2962 956 3005 se
974 2943 1118 3021 simulant,

112 3040 146 3082 ae
156 3042 193 3083 ne
210 3024 339 3086 simulant
353 3024 483 3104 quidem,
503 3027 556 3086 nisi
569 3045 642 3105 quoe
656 3026 792 3087 florentes
806 3025 912 3088 vident.
945 3025 1019 3088 Nam
1035 3031 1119 3090 mise·

113 3122 205 3165 rorum
220 3125 277 3168 non
288 3127 374 3170 soeus
387 3126 420 3168 ae
431 3108 628 3170 defunctorum
641 3109 853 3172 obliviscuntur.
876 3110 936 3172 Sed
948 3112 999 3172 tibi
1015 3130 1119 3191 peren·

112 3193 156 3251 nis
174 3189 244 3250 fides
265 3201 397 3272 tantaque
417 3194 445 3253 in
462 3211 558 3254 amore
577 3195 780 3255 constantiani
799 3195 870 3255 fiairi
885 3197 940 3256 nisi
956 3206 1004 3256 tua
1025 3200 1157 3257 mortedi

86 3283 169 3336 anon
185 3276 284 3352 possit.
317 3275 354 3336 Et
375 3276 499 3338 Heroule
522 3279 546 3338 is
567 3277 619 3336 iuit
640 3274 804 3349 Quintianus
819 3297 904 3358 quem
919 3278 1000 3358 diligi
1015 3280 1118 3341 deceat

113 3358 202 3436 ipsius
219 3358 361 3439 exemplo.
384 3360 498 3420 Felices
512 3360 630 3437 amabat,
643 3363 764 3436 miseros
777 3364 918 3439 tuebatur,
935 3362 1117 3424 desiderabat

110 3441 242 3504 amissos.
272 3441 332 3506 Iam
351 3443 402 3506 iila
420 3452 524 3527 panta
536 3444 664 3526 probitas
680 3448 712 3505 in
727 3445 793 3505 orei
816 3447 964 3523 spuantain
981 3465 1117 3508 sermone
