2400 3840
287 192 551 280 numunianum
565 220 918 299 97.-104.[98.—105·]
1046 217 1108 283 aaa

496 368 638 431 xcvnn.
660 370 717 449 [n]

435 468 600 522 TRAIANUS
619 469 725 523 PLINIO
745 471 772 521 S.

165 569 294 630 Rationis
310 579 372 647 est,
394 571 431 629 mi
445 568 577 631 Secunde
593 573 756 648 carissime,
781 572 897 649 contegi
912 589 1011 650 aquam
1027 574 1110 636 istam

104 673 177 733 quae
199 672 252 731 per
267 654 410 714 civitatem
424 651 663 715 Amastrianorum
680 654 758 732 fluit,
781 657 805 715 si
825 656 931 716 intecta
952 656 1108 718 salubritati

81 738 200 799 bobost.
233 736 357 798 Pecunia
376 755 413 798 ne
435 736 501 797 buic
521 738 603 816 operi
625 738 699 799 desit
721 747 880 799 curatnmm
902 747 932 799 ts
952 739 1108 802 secundnm

103 820 277 899 diligentiam
291 829 366 880 tuam
382 829 490 881 certum
505 821 607 881 babeo.

544 953 577 1014 G.
616 951 663 1014 (il.

327 1051 354 1106 c.
371 1051 496 1103 emmas
513 954 883 1104 nnmlnolmsnnnnom.

65 1159 96 1211 to
164 1152 256 1230 Vota,
283 1152 412 1231 domine,
434 1154 559 1233 priorum
574 1172 709 1216 annornm
726 1163 885 1233 nuncupata
899 1152 1010 1215 alacres
1026 1153 1107 1216 laeti·

104 1254 162 1316 qne
183 1235 374 1337 persolvimus
400 1254 531 1317 novaque
554 1256 652 1299 rursus
678 1246 805 1298 certante
831 1238 1050 1298 commilitonum
1077 1246 1107 1299 et

103 1319 317 1400 provincialium
335 1322 443 1400 pietate
464 1321 662 1400 suscepimus,
679 1323 789 1400 precati
810 1321 881 1381 deos
901 1330 932 1382 ut
945 1331 974 1382 tc
988 1340 1107 1399 remque

103 1403 247 1485 publicam
273 1403 443 1465 florentem
450 1414 480 1465 et
504 1403 673 1464 incolumem
699 1422 733 1464 ea
759 1405 932 1482 benignitate
959 1415 1107 1465 servarent

103 1505 186 1567 quam
200 1503 288 1565 super
302 1505 417 1565 magnas
432 1486 625 1566 plurimasque
640 1489 761 1548 virtutes
776 1489 930 1565 praecipua
945 1490 1106 1566 sanctitate,

62 1579 95 1632 15
103 1571 256 1651 obsequio,
274 1572 391 1632 deorum
406 1570 515 1631 honore
527 1572 664 1631 meruisti.

523 1701 570 1764 ci.
593 1703 678 1783 [cn]

437 1802 602 1854 TRAIANUS
619 1801 724 1854 PLINIO
744 1802 770 1852 S.

163 1902 295 1964 solvisse
309 1912 376 1963 vota
391 1902 443 1964 diis
458 1901 651 1963 inmortalibus
666 1910 696 1962 tc
710 1910 867 1980 praeeunte
881 1917 934 1979 pro
948 1918 1011 1960 mea
1029 1901 1107 1960 inco·

60 1999 95 2051 20
103 1986 229 2046 lumitate
246 1984 452 2046 commilitones
474 1984 774 2064 comprovincialibus
791 1985 947 2045 laetissimo
964 2000 1107 2044 consensu

104 2078 133 2129 et
149 2071 177 2128 in
193 2068 316 2128 futurum
330 2087 511 2148 nuncupasse
528 2067 667 2145 libenter,
684 2069 722 2127 mi
735 2066 868 2128 Secunde
884 2067 1040 2143 carissime,
1059 2082 1106 2126 co·

104 2154 190 2230 gnovi
204 2152 307 2213 litteris
321 2154 387 2213 tuis.

515 2281 575 2343 on.
602 2281 701 2360 [cm]

324 2381 351 2432 0.
372 2381 499 2432 PLINIUS
517 2380 661 2437 TRAIANO
677 2379 884 2432 IMPERATORI.

61 2498 95 2553 25
165 2485 251 2545 Diem
265 2501 323 2564 quo
342 2486 370 2545 in
386 2494 415 2545 te
436 2481 525 2546 tutela
545 2484 660 2561 generis
679 2481 790 2542 humani
809 2480 974 2544 felicissima
988 2499 1106 2543 sncces-

103 2572 184 2630 sione
200 2570 333 2631 translata
347 2577 393 2630 est
409 2568 504 2629 debita
518 2568 659 2646 religione
674 2565 892 2643 celebravimus,
909 2565 1106 2626 commendan-

103 2661 148 2713 tes
163 2652 216 2713 diis
230 2654 341 2733 imperii
358 2654 398 2713 tui
413 2652 575 2714 auctoribus
590 2660 619 2712 et
632 2658 698 2710 vota
713 2648 828 2729 publiea
842 2660 873 2710 et
884 2649 994 2728 gandia.

505 2783 581 2845 cin.
604 2782 717 2861 [cmi]

437 2881 603 2933 TRAIANUS
620 2880 727 2932 PLINIO
746 2880 773 2934 S.

60 2997 95 3052 30
164 2983 247 3043 Diem
268 2985 379 3063 imperii
393 2984 449 3043 mei
468 2981 564 3043 debita
581 2981 687 3043 laetitia
707 2992 737 3045 et
755 2983 896 3059 religione
913 2979 1107 3042 commilitoni-

102 3067 204 3212 lbptserpp
215 3066 437 3212 minema.
450 3074 606 3147 praeeunte
618 3075 647 3127 te
660 3066 836 3128 celebratum
846 3065 971 3126 libenter
983 3065 1107 3142 cognovi

506 3247 594 3311 onn.
619 3246 702 3330 [cn]
775 3343 778 3347 ,

326 3347 353 3402 [l.
370 3349 495 3401 PLINIUS
511 3348 655 3400 TRAIANO
672 3348 877 3400 IMPERATORI.

59 3459 93 3514 35
162 3450 306 3530 Valerius,
322 3448 454 3530 domine,
469 3449 602 3512 Paulinus
617 3460 743 3530 excepto
758 3448 877 3510 Paulino
888 3447 1126 3507 tustanum
