2400 3840
342 205 604 267 nrrsnumnun
617 206 680 287 vn,
699 215 799 271 esau
1014 209 1076 274 rto

68 356 128 418 dior
144 355 364 437 pulchriorque:
390 359 543 438 perterrito
555 358 679 418 Africam
694 378 744 435 se,
765 359 923 419 futurorum
937 380 1075 439 praenun-

67 444 150 521 tiam,
173 441 256 512 dixit3
282 442 384 502 iturum
405 442 480 501 enim
495 441 612 503 Romam
625 442 807 522 honoresque
820 452 968 521 gesturum
981 445 1074 526 adque

67 528 150 587 etiarn
173 543 237 586 eum
256 543 365 586 summo
387 526 507 604 imperio
526 527 555 586 in
569 526 688 586 eandem
702 529 877 606 provinciam
891 546 1073 591 reuersurum

66 612 164 688 ibique
179 612 352 670 moriturum.
374 608 461 669 Facta
472 619 536 670 sunt
551 611 653 671 omnia.
675 610 826 672 Praeterea
841 612 990 673 accedenti
1005 612 1099 684 Gar-3

44 694 209 772 5tbaginem
224 692 441 772 egredientique
459 711 531 754 nave
547 694 647 754 eadem
664 695 753 772 ligura
767 697 796 754 in
809 695 893 756 litore
909 700 1072 759 occurrisse

66 786 201 839 narratur.
233 776 302 856 lpse
319 785 399 837 certe
414 777 560 854 inplicitus
581 778 700 856 morbo,
727 779 820 839 lutura
834 782 1008 859 praeteritis,
1023 783 1071 842 ad·

64 880 150 923 uersa
169 860 304 921 secundis
324 870 495 940 auguratus,
516 879 599 942 spem
619 861 719 924 salutis
739 861 818 923 nullo
834 880 950 924 suornm
966 864 1071 943 despe-

64 955 146 1007 rante
168 939 299 1024 proiecit.
332 944 391 1005 lam
410 944 481 1005 illud
497 962 592 1006 nonne
613 954 643 1006 et
656 947 746 1024 magis
760 947 889 1008 terribile
905 957 935 1008 et
949 965 1005 1008 non
1019 950 1095 1014 mis

63 1046 117 1091 nus
132 1031 232 1089 mirum
246 1038 309 1106 est,
332 1029 408 1108 qnod
429 1046 569 1108 exponam
592 1039 622 1091 ut
636 1027 758 1111 accepi?
783 1029 852 1091 llrat
865 1030 984 1093 Athenis
1001 1046 1092 1112 spa-5

26 1115 139 1175 lotiosa
156 1123 185 1174 et
202 1131 291 1191 capax
305 1112 422 1191 domus,
440 1113 492 1174 sed
507 1114 619 1174 infamis
633 1123 663 1175 et
676 1114 827 1193 pestilens.
859 1113 914 1175 l’er
927 1114 1069 1177 silentium

62 1198 159 1258 noetis
172 1214 260 1258 sonus
271 1197 350 1276 ferni,
364 1207 394 1258 et
410 1198 435 1258 si
446 1198 608 1259 attenderes
620 1200 724 1275 acrius,
740 1201 879 1279 strepitus
890 1198 1069 1259 vinculorum

62 1281 179 1359 longius
195 1282 302 1360 primo,
326 1280 429 1341 deinde
447 1300 465 1341 e
481 1284 611 1360 proximo
627 1281 813 1344 reddebatur:
833 1300 900 1342 mox
914 1284 1068 1361 apparebat

62 1364 179 1442 idolon,
203 1383 294 1426 senex
315 1366 405 1425 macie
425 1375 455 1426 et
471 1365 604 1444 squalore
620 1366 787 1443 coniectus,
809 1367 949 1445 promissa
970 1368 1066 1445 barba,

63 1449 193 1510 horrenti
215 1448 333 1528 capillo:
359 1450 488 1511 eruribus
511 1449 683 1527 compedes,
706 1449 834 1511 manibus
854 1458 968 1510 catenas
982 1467 1067 1526 gere·

20 1548 53 1601 15
62 1533 112 1595 bat
126 1533 338 1612 quatiebatque.
372 1532 442 1594 lnde
459 1533 676 1594 inhabitantibus
695 1535 794 1594 tristes
811 1532 945 1612 diraeque
966 1541 1092 1598 noctesd

61 1635 118 1697 per
138 1627 243 1677 metum
257 1617 459 1695 vigilabantur:
485 1617 609 1695 vigiliam
628 1617 744 1678 morbus
760 1626 789 1677 et
805 1626 955 1677 crescente
969 1617 1065 1676 lormi-

61 1700 129 1762 dine
146 1719 223 1762 mors
239 1700 420 1780 sequebatur.
450 1699 521 1761 Nam
536 1701 656 1762 interdiu
668 1718 800 1781 quoqne,
819 1719 985 1780 quamquam
1000 1701 1065 1762 abs-

62 1794 195 1845 cesserat
214 1786 325 1863 imago,
346 1787 481 1847 memoria
502 1787 630 1865 imaginis
647 1784 740 1846 oculis
761 1786 919 1863 inerrabat,
938 1784 1064 1864 longior·

61 1886 119 1948 qne
138 1872 232 1929 causis
243 1871 351 1930 timoris
366 1871 450 1930 timor
460 1879 530 1930 erat.
559 1870 681 1931 Deserta
697 1869 762 1930 inde
777 1878 807 1930 et
820 1869 947 1930 damnata
965 1869 1063 1931 solitu·

16 1951 128 2016 dodina
142 1953 242 2013 domus
256 1962 372 2031 totaque
387 1952 428 2012 illi
442 1962 568 2015 monstro
582 1953 696 2022 relieta;
713 1953 945 2033 proscribebatur
958 1962 1062 2029 tamen,

61 2053 114 2097 sen
130 2039 194 2115 quis
209 2054 322 2114 emere,
342 2055 395 2097 seu
411 2038 474 2115 quis
489 2037 651 2097 conducere
669 2039 784 2114 ignarus
799 2039 868 2097 tanti
884 2036 948 2095 mali
963 2035 1063 2096 vellet.

58 2118 148 2180 Venit
160 2120 287 2181 Athenas
302 2120 491 2200 philosophus
508 2119 727 2197 Athenodorus,
749 2119 820 2197 legit
835 2118 961 2196 titulum,
985 2118 1087 2184 audi-'t

59 2213 151 2283 toque
161 2206 266 2284 pretio,
285 2206 351 2283 quia
365 2213 502 2283 suspecta
515 2204 627 2283 vilitas,
639 2211 858 2284 percunctatus,
872 2203 964 2263 omnia
975 2200 1062 2263 doce·

59 2297 108 2348 tnr
122 2304 157 2348 ac
171 2287 259 2348 nihilo
274 2290 381 2365 minus,
407 2290 492 2348 immo
512 2296 589 2350 tanto
608 2289 699 2366 magis
721 2286 861 2348 conducit.
894 2285 949 2348 Ubi
964 2287 1063 2364 coepit

15 2371 325 2450 madvesperaseere,
351 2373 431 2433 inbet
445 2374 533 2433 sterni
547 2373 602 2434 sibi
623 2375 712 2453 prima
732 2371 833 2432 domus
851 2379 948 2451 parte,
967 2373 1063 2450 poscit

59 2454 219 2534 pugillares
250 2456 345 2517 stilum
370 2455 481 2516 lumen:
509 2475 577 2518 suos
606 2473 705 2517 omnes
731 2457 760 2516 in
785 2456 920 2516 interiora
940 2454 1062 2531 dimittit,

58 2540 124 2618 ipse
151 2539 186 2599 ad
208 2540 390 2601 scribendum
410 2543 530 2600 animum
547 2540 652 2602 oeulos
672 2557 784 2600 manum
800 2539 934 2617 intendit,
956 2557 993 2598 ne
1014 2557 1063 2599 ra-

59 2641 114 2684 cua
123 2641 205 2683 mens
217 2624 310 2686 audita
323 2623 472 2686 simulacra
486 2634 516 2685 et
528 2626 626 2686 inanes
641 2625 695 2685 sibi
710 2633 802 2685 metus
815 2625 944 2702 lingeret.
966 2621 1088 2699 Initio,8

58 2706 145 2786 quale
159 2707 283 2786 ubique,
305 2706 447 2769 silentium
460 2711 571 2787 noctis,
592 2707 657 2768 dein
673 2710 785 2769 concuti
802 2708 923 2783 ferrum,
948 2704 1063 2764 vincula

14 2791 187 2854 homobeni:
198 2789 247 2851 ille
261 2809 319 2851 non
333 2790 437 2852 tollere
450 2791 562 2869 oeulos,
576 2809 633 2851 non
643 2794 788 2852 remittere
800 2790 904 2867 stilum,
923 2787 975 2849 sed
985 2787 1062 2847 oliir-

56 2891 136 2935 mare
156 2875 275 2935 animum
295 2875 466 2954 auribusque
486 2874 690 2955 praetendere:
715 2884 773 2935 tum
800 2873 988 2933 crebrescere
1007 2870 1062 2931 lra-

56 2975 129 3037 gor,
144 2957 308 3037 adventare,
324 2961 421 3020 etiam
434 2961 506 3019 utin
520 2958 633 3036 limine,
656 2960 710 3018 ianr
727 2965 758 3017 ut
775 2958 845 3017 intra
858 2955 942 3016 limen
957 2955 1062 3015 audiri:

55 3042 195 3121 respicit,
216 3041 296 3102 videt
315 3044 502 3121 agnoscitque
522 3050 659 3103 nmmum
673 3041 727 3102 sibi
740 3040 876 3119 elligiem.
908 3039 1006 3101 Stabat
1020 3041 1088 3103 in·9

55 3126 222 3206 unebatque
244 3125 350 3204 digito,
376 3125 477 3187 similis
497 3128 626 3187 vocanti:
652 3124 700 3186 bic
715 3133 813 3184 contm
832 3132 863 3184 nt
876 3123 990 3204 paulum
1012 3141 1062 3183 ex·

13 3216 206 3291 suspectaret
220 3226 302 3270 manu
316 3209 458 3288 signiticat
471 3228 627 3288 rursusque
643 3211 717 3270 ceris
729 3218 758 3270 et
774 3206 840 3268 stilo
851 3208 999 3269 incumbit:
1014 3207 1063 3266 illa

55 3293 212 3355 scribentis
231 3295 316 3373 capiti
338 3294 444 3356 catenis
459 3293 621 3354 insonabat:
641 3293 760 3373 respicit
777 3311 877 3354 rursus
893 3292 968 3353 idem
984 3289 1062 3368 qnod

53 3378 136 3460 prins
145 3378 321 3459 innuentem,
337 3394 392 3436 neo
403 3374 528 3439 moratus
539 3375 614 3438 tollit
626 3375 721 3437 lumen
736 3386 766 3437 et
779 3377 919 3456 sequitur.
940 3374 1002 3436 Ibat
1013 3372 1062 3433 illa
1070 3383 1105 3437 10

53 3461 135 3525 temo
150 3460 252 3540 gradu,
270 3461 351 3539 quasi
365 3462 460 3538 gravis
474 3460 610 3521 vinculis:
635 3468 786 3540 postquam
801 3459 917 3522 dellexit
929 3460 957 3518 in
968 3475 1062 3518 aream
