2400 3840
95 156 138 220 44
524 154 556 216 G.
580 155 677 216 PLlNl

73 321 142 383 nest
156 310 229 369 enim
244 306 294 367 illo
309 311 384 370 uitae
400 326 508 386 genere
524 309 691 368 distinctius.
725 306 772 368 bie
788 318 882 368 autem
898 316 929 367 ut
949 317 1047 370 certus
1066 310 1101 370 si·

99 394 197 454 derum
210 410 310 454 cursus
325 395 364 454 ita
378 394 435 452 rita
449 392 591 452 bominum
602 390 740 469 disposita
755 390 891 470 delectat,
908 409 1012 452 senum
1024 410 1102 471 prae·

98 478 204 539 sertim.
227 473 297 536 Nam
317 479 435 537 iuuenes
451 475 570 536 confusa
589 475 681 536 adhuc
695 474 832 555 quaedam
852 485 880 535 et
897 477 981 555 quasi
996 476 1103 537 turbata

99 578 156 620 non
176 559 325 630 indecent;
349 562 465 621 senibus
486 559 597 639 placida
617 561 708 620 omnia
730 570 760 621 et
774 559 901 620 ordinata
919 563 1101 638 conveniunt,

73 644 203 723 aquibus
219 643 354 705 industria
369 663 452 721 sera,
474 645 564 722 turpis
579 644 694 703 ambitio
710 652 764 704 est.
795 641 874 703 lianc
885 641 1020 720 regulam
1032 644 1122 723 Spu-5

100 732 177 788 rinna
192 731 418 792 constantissime
435 737 543 797 ›ervat;
565 729 631 806 quin
646 730 729 788 etiam
743 745 828 806 parva
843 726 933 805 baec,
951 744 1058 805 parra,
1079 729 1101 787 si

100 830 157 872 non
179 811 283 873 cotidie
305 815 389 890 fiant,
417 810 516 872 ordine
543 811 663 890 quodam
685 821 714 872 et
734 810 814 871 velut
835 811 906 871 orbe
929 812 1100 888 circumagit.

72 896 181 968 aliane
196 896 304 957 lectulo
316 898 486 972 continetur,
499 894 568 954 hora
580 895 705 955 secunda
718 894 835 955 calceos
850 895 964 973 poscit,
984 894 1102 955 ambulat

97 981 172 1041 milia
192 998 326 1058 passuum
346 981 399 1038 tria
416 996 472 1039 nec
495 980 586 1038 minus
604 981 722 1038 animum
742 997 824 1058 quam
846 995 953 1057 corpus
974 987 1100 1039 exercet.

98 1065 128 1124 Si
145 1063 245 1122 adsunt
264 1063 363 1138 amici,
389 1061 581 1122 honestissimi
601 1064 749 1123 sermones
768 1061 962 1142 explicantur:
992 1065 1018 1123 si
1037 1066 1135 1138 non,lt

98 1146 172 1205 liber
186 1144 306 1220 legitur;
319 1143 458 1204 interdurn
470 1147 553 1207 etiam
568 1147 765 1224 praesentibus
779 1146 895 1222 amicis,
915 1147 940 1206 si
954 1154 1049 1206 tannen
1064 1145 1103 1204 illi
1175 1206 1177 1217 ,

75 1246 155 1298 5non
172 1236 329 1305 gravantur.
352 1227 464 1289 Deinde
477 1230 609 1306 considit,
626 1239 655 1291 et
668 1229 743 1290 liber
753 1248 850 1292 rursus
864 1237 912 1289 aut
923 1246 1021 1290 sermo
1033 1228 1101 1289 libro
1175 1274 1177 1307 :

99 1314 208 1391 potior:
234 1329 301 1372 mox
320 1311 483 1373 uehiculum
506 1313 650 1391 ascendit,
673 1314 793 1374 adsumit
813 1331 933 1373 uxorem
953 1311 1101 1392 singularis

74 1395 225 1476 sexempli
245 1397 293 1457 vel
315 1396 439 1476 aliquem
452 1399 623 1474 amicornm,
643 1407 674 1457 ut
693 1416 738 1458 me
760 1399 897 1476 proxime.
935 1394 1028 1469 Quam
1043 1395 1102 1476 pul·
1175 1432 1177 1437 -

100 1482 198 1541 chrum
213 1479 300 1559 illud,
320 1499 403 1560 quam
423 1481 508 1541 dulce
531 1479 689 1542 secretum!
710 1490 842 1561 quantum
858 1480 897 1540 ibi
915 1477 1101 1560 antiquitatis!
1108 1485 1134 1540 lt

101 1585 173 1644 quae
195 1564 286 1641 iacta,
315 1583 387 1642 qnos
409 1566 486 1625 viros
510 1563 621 1625 audias!
641 1564 753 1644 'quibus
776 1566 941 1645 praeceptis
962 1563 1100 1624 imbuere!

101 1650 227 1726 quamvis
242 1646 292 1707 ille
308 1648 365 1707 hoc
380 1656 632 1725 temperamentum
645 1649 802 1710 modestiae
817 1667 885 1710 suae
902 1649 1053 1726 indixerit,
1067 1666 1100 1707 ne

74 1732 270 1810 tpraeciperc
284 1730 421 1790 videatur.
455 1730 581 1793 Peractis
598 1741 709 1811 septem
725 1732 837 1793 milibus
854 1751 992 1811 passuum
1005 1735 1102 1793 iterum

100 1812 223 1873 ambulat
240 1812 337 1891 mille,
360 1816 463 1882 iterum
479 1814 578 1875 residit
597 1815 644 1875 vel
664 1836 697 1877 se
720 1815 853 1876 cubiculo
867 1833 902 1875 ac
918 1816 987 1877 stilo
1003 1815 1100 1876 reddit.

100 1896 206 1956 Scribit
218 1898 302 1975 enirn,
321 1907 350 1958 et
363 1898 476 1977 quidem
486 1908 605 1976 utraque
616 1898 723 1977 lingua,
739 1898 828 1975 lyrica
842 1897 1024 1960 doctissima:
1037 1901 1137 1958 mirato
1169 1928 1173 1935 ,

100 1980 158 2041 illis
176 1979 316 2059 dulcedo,
339 1984 408 2042 mira
420 1984 560 2060 suavitas,
586 1986 654 2042 mira
668 1982 810 2060 hilaritas,
828 1984 908 2043 cuius
923 1985 1042 2061 gratiam
1056 2001 1101 2043 cu-

73 2063 185 2130 8mulat
201 2069 336 2128 sanctitas
360 2067 522 2127 scribentis.
553 2066 609 2127 Ubi
628 2067 698 2127 bora
719 2066 822 2126 balinei
842 2069 967 2128 nuntiata
983 2076 1029 2129 est
1044 2068 1101 2145 (est

99 2160 192 2215 autem
205 2149 297 2210 hieme
309 2168 393 2227 nona,
409 2160 518 2211 aestate
531 2151 659 2228 octava),
674 2152 702 2210 in
716 2149 791 2227 sole,
807 2153 832 2210 si
844 2161 923 2211 caret
933 2161 1033 2230 uento,
1049 2169 1101 2211 am·

100 2232 178 2293 bulat
192 2232 293 2293 nudus.
313 2232 424 2293 Deinde
438 2243 569 2293 mouetur
582 2234 640 2312 pila
652 2234 837 2294 vehementer
848 2243 877 2295 et
892 2235 954 2296 din:
970 2253 1035 2296 narn
1049 2235 1101 2295 hoc

101 2333 215 2395 quoque
231 2317 441 2375 exercitationis
453 2334 562 2393 genere
577 2327 683 2395 pugnat
698 2337 761 2378 curn
774 2328 935 2379 senectute.
953 2317 1041 2379 Lotus
1057 2322 1138 2379 ac-lt

101 2399 185 2458 cubat
200 2408 228 2457 et
244 2397 391 2476 paulisper
405 2401 499 2459 cibum
513 2400 621 2460 differt:
636 2403 746 2462 interim
760 2402 836 2461 audit
847 2401 996 2479 legentem
1007 2405 1102 2462 r‘cmis-

101 2484 159 2543 sius
174 2480 279 2560 aliquid
295 2490 323 2541 et
341 2481 460 2545 dulcius.
483 2484 539 2544 Per
549 2484 606 2545 boc
618 2502 699 2545 omne
715 2495 826 2564 tempus
841 2484 963 2545 liberum
978 2495 1025 2547 est
1039 2486 1102 2546 arni·

78 2568 144 2633 ocis
159 2565 207 2625 vel
223 2566 322 2626 cadem
342 2568 439 2628 iacere
455 2568 503 2627 vel
521 2567 591 2647 alia,
613 2571 638 2629 si
651 2568 754 2630 malint.
787 2568 947 2648 Adponitur
963 2588 1036 2631 cena
1049 2586 1104 2629 non

100 2653 191 2711 minus
203 2651 289 2712 nitida
303 2670 385 2730 quam
398 2652 472 2730 frugi
487 2655 514 2711 in
526 2663 645 2730 argento
659 2663 770 2732 puroet
784 2655 915 2731 antiquo:
933 2655 1039 2713 suntin
1052 2670 1103 2712 usu

101 2745 130 2796 ct
147 2733 307 2813 Corinthia,
335 2737 436 2815 quibus
457 2735 616 2797 delectatur
629 2755 684 2796 nec
699 2737 834 2796 adiicitur.
860 2736 1042 2815 Frequenter
1056 2744 1140 2797 coto

99 2819 209 2879 moedis
226 2837 297 2881 cena
318 2820 515 2897 distinguitur,
543 2829 573 2879 ut
593 2819 755 2899 voluptates
779 2838 892 2900 quoqne
914 2820 1016 2883 studiis
1039 2837 1104 2881 con·

101 2900 218 2961 diantur.
240 2904 330 2963 Sumit
345 2902 450 2982 aliquid
465 2904 500 2963 de
515 2914 601 2964 nocte
619 2913 648 2964 et
662 2913 784 2965 aestate:
800 2906 903 2965 nemini
917 2902 974 2964 boc
988 2904 1105 2982 longum

60 2994 162 3054 1oest;
177 2995 252 3046 tanta
265 2990 396 3046 comitate
412 2990 571 3047 convivium
585 2987 710 3047 trahitur.
730 2985 799 3047 lnde
815 2986 856 3047 illi
871 2996 937 3066 post
953 2991 1106 3067 septimum

102 3078 131 3127 et
146 3072 406 3147 septuagensimum
417 3088 516 3130 annum
528 3071 634 3129 aurium
649 3069 795 3130 oculorum
807 3073 890 3150 uigor
900 3073 1025 3150 integer,
1040 3071 1104 3133 inde

60 3163 91 3214 ll
103 3151 178 3229 agile
195 3163 224 3213 et
238 3154 361 3213 vividum
375 3172 480 3234 corpus
495 3152 614 3231 solaque
629 3172 666 3212 ex
678 3164 830 3216 senectute
845 3155 1002 3233 prudentia.
1026 3155 1141 3218 Hanctt

102 3253 158 3313 ego
175 3238 260 3298 vitam
273 3248 342 3299 uoto
357 3248 386 3299 et
402 3239 576 3316 cogitatione
592 3254 758 3317 praesumo,
780 3242 961 3317 ingressurus
976 3239 1104 3301 avidissi-

101 3338 158 3398 me,
173 3331 203 3382 ut
219 3323 338 3401 primum
350 3325 421 3383 ratio
433 3323 532 3382 aetatis
543 3323 673 3397 receptui
686 3341 789 3384 canere
801 3325 971 3402 permiserit.
990 3322 1105 3384 lnterlm

100 3404 178 3466 mille
194 3406 339 3469 laboribus
355 3414 506 3484 conteror,
528 3422 646 3486 quorum
666 3406 732 3466 mibi
748 3416 777 3467 et
797 3405 935 3469 solacium
956 3416 987 3467 et
1008 3426 1104 3469 exem-
