2400 3840
419 207 799 274 PANEGYR10U556.57.
1046 213 1109 283 273.

102 363 192 423 iacies
211 371 241 422 et
262 361 387 422 amabilis
407 359 500 422 vultus
519 363 546 420 in
567 363 688 422 omnium
712 363 814 422 civium
839 381 890 425 orc
912 364 1003 425 oculis
1017 366 1108 425 animo

102 446 195 508 sedet.

164 530 326 591 Adnotasse
347 546 399 588 vos
424 527 530 606 credo,
557 539 654 606 patres
676 531 848 610 conscripti,
875 531 1047 592 iamdudum
1062 524 1165 591 medii

101 632 156 675 non
177 614 287 692 eligere
309 631 380 692 quae
400 611 532 672 referam.
560 612 740 692 Propositum
760 625 807 675 est
822 617 896 676 enim
918 615 984 674 mihi
1005 617 1107 693 princi·

74 711 165 778 fipern
183 698 315 775 laudare,
338 714 394 757 non
412 699 549 774 principis
564 696 648 758 iacta.
675 697 746 758 Nam
759 697 908 758 laudabilia
922 698 1009 758 rnulta
1025 701 1108 758 etiam

100 783 165 843 mali
180 784 303 858 iaciunt,
324 784 388 860 ipsc
404 780 510 840 laudari
523 783 576 841 nisi
593 783 716 860 optimus
731 799 787 842 non
806 792 914 861 potest.
942 781 1037 854 Quare
1052 800 1109 842 non

100 867 154 927 ulia
168 869 273 944 maior,
288 870 442 945 imperator
456 874 593 943 auguste,
608 865 700 943 gloria
716 876 763 926 tua
777 884 860 945 quam
871 866 947 944 quod
957 866 1108 943 agentibus

100 952 152 1011 tibi
165 953 270 1028 gratias
285 950 353 1010 nihil
368 949 519 1009 velandum
535 959 599 1026 est,
612 949 679 1010 nihil
696 949 880 1011 omittendum
896 959 950 1010 ast.
974 948 1048 1022 Quid
1063 959 1108 1011 est

101 1037 217 1094 enimin
233 1036 391 1113 principatu
406 1043 455 1094 tuo
471 1033 547 1111 quod
563 1036 727 1112 cuiusquam
742 1034 917 1114 praedicatio
929 1032 977 1093 vel
991 1035 1107 1094 transsi-

60 1132 92 1184 10
101 1118 154 1180 lire
174 1119 222 1179 vel
242 1118 424 1197 praetervehi
448 1113 573 1178 debeat?
609 1117 693 1190 Quod
713 1126 901 1195 momentum,
926 1118 1003 1196 qnod
1024 1119 1108 1177 immo

99 1205 237 1279 temporis
253 1213 387 1281 punctum
398 1211 446 1262 aut
458 1201 601 1262 bcnelioio
619 1201 719 1262 sterile
732 1211 779 1262 aut
794 1219 913 1262 vacuum
925 1199 1029 1263 lande?
1044 1200 1108 1262 Non

101 1288 194 1346 omnia
209 1285 360 1345 eiusmodi
375 1294 405 1344 ut
420 1287 444 1344 is
462 1287 567 1362 optimc
582 1294 613 1344 te
627 1285 760 1347 laudasse
773 1286 902 1346 videatur
917 1287 964 1364 qui
977 1303 1108 1347 narrave-

99 1372 135 1429 rit
150 1365 336 1429 fidelissime?
358 1367 422 1440 Quo
438 1368 468 1426 lit
485 1376 515 1426 ut
530 1386 622 1447 prope
638 1372 667 1428 iu
684 1372 841 1430 inmensum
856 1367 1024 1429 diffundatur
1044 1386 1107 1429 ora·

99 1456 139 1513 tio
160 1471 239 1529 mea,
267 1461 296 1511 ct
316 1450 437 1511 necdum
453 1451 489 1510 dc
504 1452 619 1512 biennio
633 1453 745 1531 loquor.
782 1452 873 1525 Quam
888 1451 975 1511 multa
995 1451 1052 1511 dixi
1072 1453 1108 1512 de

58 1546 91 1600 15
101 1536 312 1611 moderatione,
343 1543 372 1595 et
393 1544 499 1613 quanto
521 1534 602 1614 plura
622 1536 715 1596 adhue
737 1535 859 1597 restam!
888 1535 1008 1595 utillud
1033 1536 1109 1614 quod

100 1621 256 1681 secundum
277 1617 454 1680 consulatum
471 1621 627 1698 recepisti,
650 1622 715 1699 quia
735 1623 871 1699 princeps
887 1629 917 1680 et
931 1630 1012 1699 pater
1027 1620 1107 1680 deie-

99 1705 189 1766 rebat.
215 1703 252 1764 At
269 1712 419 1783 postquam
433 1703 468 1764 ud
483 1713 512 1764 ιε
527 1705 638 1783 imperii
652 1721 786 1765 summam
802 1714 832 1765 ει
847 1719 916 1764 cum·
926 1706 1047 1764 omnium
1062 1723 1107 1765 ra-

98 1807 159 1848 rum
175 1798 232 1849 tum
248 1791 333 1849 etiam
347 1790 387 1848 tui
402 1798 575 1868 potestatem
587 1788 625 1849 dii
642 1788 860 1866 transtulerunt,
877 1791 991 1848 tertium
1003 1806 1107 1856 consu·

100 1874 187 1933 latum
201 1874 360 1950 recusasti,
377 1891 540 1950 comagene
556 1882 611 1932 tam
624 1873 729 1934 honum
743 1873 892 1934 consulem
906 1891 1020 1952 posses.
1049 1872 1107 1933 hla-

55 1970 91 2021 20
99 1975 184 2036 gnum
205 1966 250 2018 est
265 1956 380 2016 differre
395 1956 549 2036 honorem,
574 1956 694 2034 gloriam
709 1959 807 2016 maius.
843 1955 960 2018 Gestum
977 1957 1107 2018 consula·

97 2053 156 2103 tum
172 2044 258 2101 mirer
278 2059 313 2101 an
333 2058 389 2100 uon
403 2039 574 2120 receptum?
600 2050 713 2118 gestum
728 2058 784 2100 non
799 2042 827 2100 in
839 2040 897 2101 hoc
911 2042 989 2102 urbis
1005 2042 1063 2101 otio
1078 2049 1108 2100 et

52 2183 54 2186 ,
98 2129 193 2186 intimo
216 2127 278 2186 sinu
296 2126 392 2201 pacis,
415 2124 468 2185 sed
482 2127 559 2186 iuxta
573 2125 706 2187 barbaras
720 2134 844 2202 gentes,
861 2133 892 2185 ut
913 2125 954 2185 illi
975 2124 1108 2186 solebant

99 2212 201 2289 quibus
223 2220 284 2270 crat
301 2211 388 2270 moris
408 2209 609 2287 paludamento
626 2218 733 2269 mutare
747 2217 923 2289 praetextam
937 2211 1107 2288 ignotasque

97 2305 189 2355 terras
205 2294 325 2353 uictoria
339 2295 432 2372 sequi.
460 2293 613 2354 Pulchrum
625 2296 763 2373 imperio,
784 2292 942 2370 gloriosum
955 2296 1023 2371 tibi,
1043 2311 1106 2354 cum

56 2390 89 2442 25
99 2388 128 2438 te
143 2379 215 2439 socii
229 2387 315 2457 atque
327 2380 409 2438 amici
422 2396 473 2437 sua
487 2381 515 2437 in
526 2381 632 2458 patria,
649 2379 708 2439 suis
724 2380 752 2437 in
763 2377 880 2439 sedibus
896 2378 1032 2439 adierunt.
1048 2376 1107 2439 De·

100 2480 167 2523 cora
183 2462 291 2539 facies,
310 2462 438 2522 consulis
454 2461 540 2523 multa
556 2472 623 2541 post
638 2461 755 2522 saccula
766 2461 887 2524 tribunal
898 2463 980 2523 viridi
993 2464 1107 2541 cespite

99 2555 259 2607 extructum
279 2565 334 2607 nec
355 2547 474 2608 fascium
496 2555 601 2607 tanturn
619 2546 672 2608 sed
691 2546 814 2626 pilorum
836 2548 1038 2626 signorumque
1055 2546 1106 2606 ho·

98 2646 169 2689 nore
194 2629 405 2691 circumdatum.
439 2630 590 2709 tingebant
607 2633 781 2692 maiestatem
796 2630 985 2710 praesidentis
1000 2630 1106 2690 diversi

99 2712 301 2792 postulantium
315 2715 428 2775 habitus
443 2733 478 2774 aa
490 2715 624 2774 dissonae
638 2732 728 2775 voces
740 2733 860 2791 raraque
875 2716 937 2774 sine
949 2716 1107 2791 interprete

55 2798 203 2862 eooratio.
228 2795 410 2873 Magnificum
431 2806 476 2859 cst
498 2799 607 2858 civibus
629 2799 706 2873 iura,
729 2795 797 2874 quid
817 2795 948 2856 hostibus
963 2793 1107 2857 redderet

99 2882 266 2959 speciosum
284 2889 390 2940 certam
405 2879 460 2939 fori
476 2897 593 2958 pacem,
611 2879 680 2958 quid
693 2882 820 2939 imnancs
838 2897 954 2959 campos
971 2879 1044 2940 sella
1058 2898 1107 2940 cu·

99 2964 153 3024 ruli
175 2965 352 3042 victorisque
380 2965 504 3041 vestigio
526 2980 676 3042 premere,
701 2965 839 3024 inminere
860 2963 1016 3024 minacibus
1037 2964 1106 3042 ripis

99 3056 188 3110 tutum
209 3049 410 3126 quietumque,
436 3065 575 3127 spernere
596 3047 732 3109 barbaros
748 3047 894 3125 fremitus,
913 3047 1105 3126 hostilemque

100 3143 239 3193 terrorem
254 3149 310 3191 non
326 3148 465 3192 armenum
479 3133 571 3208 magis
587 3150 669 3212 quam
686 3142 815 3210 togarum
831 3134 1021 3193 ostentatione
1037 3149 1106 3192 con·

56 3226 91 3280 35
102 3213 246 3295 pascere?
268 3214 373 3294 ltaque*
382 3234 439 3277 uon
452 3225 482 3277 te
498 3216 573 3293 apud
587 3217 743 3294 imagines,
759 3215 811 3277 sed
821 3217 915 3292 ipsum
926 3226 1106 3294 praesentem

100 3300 318 3379 audientemque
334 3301 547 3361 consalutahant
559 3302 771 3380 imperatorem,
784 3316 956 3378 nomenque,
973 3300 1049 3379 quod
1060 3299 1106 3359 alii

100 3386 212 3447 domitis
226 3385 375 3463 hostibus,
390 3394 421 3446 tu
436 3387 606 3463 contemptis
622 3385 779 3446 merebere.

161 3467 240 3529 llaec
255 3469 317 3530 laus
332 3471 388 3531 acti
403 3468 581 3540 consulatum
596 3468 649 3530 illa
658 3467 1033 3603 dilatiquodadnpcss'nixtm
1041 3456 1180 3531 aiwffi

138 3559 212 3611 Pctus
224 3559 274 3615 ΕΡ.
