2400 3848
485 225 722 277 3333333333.
1113 243 1140 282 1,

69 384 232 440 uetustissimo
244 382 328 438 codice
338 381 479 438 Germanico
490 381 571 452 plures
581 381 612 437 ad
622 381 749 437 Traianum
758 382 873 453 epistulas
882 390 908 438 et
918 383 1017 454 insuper
1026 387 1140 458 quasdam

46 502 53 509 ·
69 467 178 525 ciusdem
189 467 260 524 Plinii
269 467 301 522 ad
311 465 401 522 amicos
412 466 539 538 epistulas,
550 481 611 538 quae
621 466 653 521 dc
664 472 750 522 octavo
765 466 827 522 liluo
844 467 1002 534 excidissent,
1025 485 1040 525 3
1055 469 1140 527 Domi·

70 553 126 608 3133
137 552 274 608 Mamiliano
285 550 378 607 Romae
393 566 421 606 se
431 551 552 622 accepisse
567 549 664 615 scribit,
685 565 715 606 33
729 550 838 606 dubitare
859 552 944 623 nequit
962 553 1021 625 quin
1034 553 1065 609 de
1085 555 1139 625 ipso

68 636 124 692 didi
134 636 220 692 codice
234 635 397 708 intellegenda
410 634 467 692 siut
498 635 541 690 scd
559 649 615 690 3333
626 633 701 690 Aldus
718 649 761 704 pro
770 651 814 690 sua
825 636 917 692 ratione
925 636 1025 694 iucundi
1036 652 1139 711 apogra-

69 720 146 791 phum
162 720 289 793 133331333
310 735 325 775 3
346 719 398 775 riro
418 719 557 775 3331133133
574 719 619 775 sed
635 718 722 774 eodem
735 719 862 775 temerario
879 720 1049 791 interpolatum
1066 737 1138 793 quam

69 804 150 876 ipnrm
163 805 273 860 codicem
288 804 357 876 sequi
377 803 502 868 maluerit,
514 803 585 858 facile
599 802 827 875 intellegiturqnam
837 803 955 859 incanum
966 820 1038 860 omne
1051 806 1082 861 de
1091 806 1139 861 boc

69 889 156 945 codice
165 888 278 944 reddatur
289 888 411 944 iudicium
423 887 520 944 1333331
530 887 603 943 311333
613 887 717 960 quicum
727 886 856 942 alladioeo
866 903 916 942 non
926 887 1023 944 differre
1033 890 1140 959 suspira·

69 979 162 1029 rentur.
173 987 295 1044 aquomm
302 970 773 1028 iudicicutreredamcummemorabilis
782 971 899 1043 quaedam
908 972 1040 1042 scripturae
1049 973 1134 1029 discre

68 1057 151 1128 pantia
166 1071 207 1111 me
217 1062 312 1121 movet,
335 1057 439 1112 maxime
450 1057 476 1111 iu
486 1056 516 1111 iis
526 1055 634 1126 epistula
644 1069 705 1126 qnae
715 1061 770 1109 auto
781 1056 868 1111 lidum
881 1055 959 1110 editae
972 1071 1022 1111 non
1033 1057 1136 1120 buerunt,

69 1155 215 1213 quamquam
225 1139 322 1197 difficile
334 1147 373 1195 cet
383 1141 449 1196 dictu
459 1146 574 1211 quantum
584 1140 610 1194 in
619 1139 668 1195 hoc
678 1153 768 1210 genere
778 1139 878 1195 iucundi
888 1139 987 1210 ingenio
998 1140 1071 1195 tribui
1080 1154 1138 1210 pos·

68 1225 109 1290 sil,
121 1232 174 1280 tum
187 1224 241 1280 dtdi
252 1231 277 1279 et
288 1223 400 1280 (13133331
415 1224 594 1279 testimonium:
615 1238 718 1294 quorum
734 1228 835 1295 uterque
852 1224 1008 1294 epistularum
1018 1225 1048 1279 ad
1056 1223 1137 1278 ’13313-

68 1323 130 1364 num
142 1307 243 1373 librum,
260 1309 292 1364 do
304 1324 352 1381 quo
362 1315 447 1380 postea
456 1308 549 1372 dicam,
567 1309 592 1362 in
604 1307 645 1362 illo
657 1307 740 1362 codice
750 1307 825 1362 fuisse
834 1307 930 1370 dicunt:
952 1307 1085 1362 1131333333
1095 1322 1139 1363 au-

69 1398 121 1448 tem
132 1392 280 1462 apontiiicio
290 1407 349 1456 suo,
364 1407 435 1464 quem
447 1393 499 1462 ipsc
512 1393 616 1453 viderat,
628 1389 795 1445 Germanicum
805 1405 877 1462 quem
888 1392 947 1446 dicit
957 1391 1077 1447 discernit.

134 1475 236 1532 Uberius
249 1490 321 1546 quam
330 1491 375 1544 pro
393 1476 484 1530 rationo
499 1474 571 1529 buius
582 1472 704 1536 editionis,
719 1473 744 1527 in
757 1488 804 1543 qua
814 1481 953 1544 argumenta
964 1489 1046 1529 earum
1056 1489 1138 1529 rerum

68 1575 131 1632 quas
140 1558 192 1614 dixi
204 1557 337 1612 omittenda
347 1564 428 1624 erant,
443 1557 495 1612 iteri
505 1555 631 1628 oportebat
643 1571 672 1611 eo
682 1556 835 1626 potissimum
845 1557 946 1612 consilio
956 1557 1018 1611 haec
1028 1558 1136 1627 exposui,

68 1649 116 1710 ut,
143 1640 202 1695 dum
217 1640 286 1695 iustis
304 1641 481 1696 commentariis
493 1641 609 1696 instructa
622 1639 695 1696 editio
709 1646 846 1711 pararetur,
868 1640 944 1710 copiis
958 1640 988 1696 ab
1005 1640 1139 1696 editoribus

69 1724 167 1781 collatis
177 1729 244 1779 recte
256 1739 320 1779 unus
336 1725 436 1797 quisque
445 1725 482 1780 uti
492 1730 581 1796 posset.
602 1730 677 1780 restat
686 1732 715 1779 ut
729 1738 776 1796 qua
787 1723 879 1779 3311333
889 1724 976 1794 ipsein
989 1724 1138 1780 recensendo

70 1808 191 1865 33333133
204 1807 345 1878 explicetur.
372 1809 453 1880 itaque
463 1825 520 1864 cum
533 1807 698 1880 compluribus
713 1808 837 1863 codicibus
847 1808 949 1863 etribus
959 1808 1136 1878 exemplaribus

69 1893 151 1949 ductu
161 1898 187 1948 ct
196 1892 321 1963 paullatim
334 1892 359 1948 in
370 1891 463 1949 ltaliam
473 1893 558 1950 adlatis
568 1891 638 1948 Plinii
648 1892 790 1947 memoriam
801 1891 831 1947 ad
841 1897 948 1947 33313333
959 1898 1062 1947 aetatem
1078 1906 1133 1961 pro·

70 1982 187 2050 pagatam
206 1991 259 2031 csse
269 1971 495 2042 demonstraverim,
514 1975 626 2048 equibus
637 1975 761 2031 codicibus
773 1981 824 2030 tres
834 1981 937 2030 3313133
947 1975 1067 2039 tulerunt,
1083 1974 1134 2029 ble-

69 2061 169 2117 diceum
178 2060 242 2124 dico,
253 2060 402 2125 Vaticanum,
415 2059 587 2124 Florentinum,
599 2058 749 2114 Riocardiani
761 2064 841 2113 autem
847 2065 962 2128 excerpta
972 2065 1062 2121 estam,
1077 2058 1133 2112 reli·

69 2158 177 2217 quornm
188 2159 219 2198 ex
228 2143 365 2198 recentibus
376 2143 443 2198 libris
453 2144 491 2198 rel
501 2158 574 2198 mann
584 2142 680 2212 scriptis
692 2141 731 2196 rel
741 2141 862 2210 impressis
871 2142 976 2210 petenda
986 2148 1024 2195 est
1034 2141 1124 2196 notitia

71 2228 151 2284 facilis
162 2227 244 2282 lutura
254 2233 318 2282 esset
328 2226 451 2291 recensio,
465 2226 487 2281 si
497 2227 537 2282 331
547 2226 648 2281 acubili
659 2225 810 2280 librariorum
820 2230 915 2278 tantum
924 2224 1081 2296 neglegentia
1092 2239 1134 2278 an-

69 2313 140 2384 tiqua
158 2311 304 2381 exemplaria
321 2311 443 2376 distarent,
460 2311 500 2366 rel
516 2310 630 2366 italorum
647 2307 870 2380 interpolationibus
888 2314 959 2380 atque
967 2306 1088 2362 erroribus
1104 2306 1136 2361 ab

70 2395 177 2468 antiquis
190 2394 315 2450 codicibus
324 2400 434 2450 recentes
449 2395 599 2450 recederent.
632 2393 676 2449 sed
691 2408 720 2449 33
730 2399 768 2447 cst
778 2392 852 2447 etiam
862 2393 924 2446 inter
939 2391 1050 2463 antiquos
1059 2390 1135 2446 libros

70 2480 206 2550 scripturae
219 2478 378 2550 discrepantia
390 2485 418 2533 ut
432 2485 487 2534 ante
496 2478 619 2534 decimum
628 2478 752 2532 33333133
767 2476 817 2544 (es
830 2475 876 2530 bac
885 2481 964 2531 aetate
974 2475 1039 2530 enim
1052 2474 1134 2544 stirpis

71 2562 236 2620 breuitatem
246 2562 423 2631 derivavimus)
434 2562 555 2634 insignem
570 2561 728 2617 3313113333
745 2575 794 2616 333
805 2575 836 2615 ex
847 2560 971 2615 oscitantia
981 2558 1134 2614 librariorum

70 2647 117 2703 scd
127 2661 158 2701 ex
168 2646 382 2718 grammaticorum
393 2646 491 2701 arbitrio
509 2646 643 2716 proiectam
652 2643 723 2700 Plinii
737 2643 882 2714 exemplaria
897 2643 1001 2698 subiisse
1011 2648 1132 2711 appareat.

70 2745 152 2802 noque
169 2730 204 2785 ita
220 2737 357 2800 comparata
372 2736 410 2785 est
425 2729 543 2786 librorum
553 2729 659 2789 conditio
669 2733 697 2783 ut
707 2727 804 2800 reliquis
817 2726 937 2798 neglectis
947 2739 1023 2780 unum
1033 2739 1133 2778 secums

70 2814 142 2886 sequi
163 2814 259 2883 possis;
280 2813 323 2870 sed
345 2829 401 2868 cum
413 2828 458 2883 per
468 2813 548 2869 omnia
557 2826 619 2884 quae
629 2818 757 2882 supersunt
768 2809 912 2879 exemplaria
920 2814 1007 2879 vagata
1021 2807 1053 2861 sit
1061 2807 1137 2861 inter·

71 2897 172 2969 polatio,
183 2896 235 2952 fieri
243 2897 326 2969 nequit
335 2897 393 2969 quin
404 2895 492 2952 iudicio
503 2896 608 2951 adhibito
615 2895 689 2950 modo
699 2894 764 2949 hunc
773 2891 1013 2949 modcillumducem
1018 2891 1126 2962 sequaris

71 2987 306 3052 sacpeaquaparte
316 2979 429 3036 standum
439 2980 471 3035 sit
481 2979 588 3035 incertos
597 2979 703 3033 haereas.
729 2990 803 3049 quare
823 2989 966 3047 quamquam
983 2974 1077 3030 nullum
1098 2980 1135 3028 est

72 3065 258 3121 fundamentum
266 3064 399 3134 scripturae
408 3063 467 3118 satis
478 3062 574 3118 firmum
585 3069 611 3117 et
621 3061 651 3116 ab
662 3060 728 3116 omni
738 3059 870 3129 suspitione
877 3063 971 3126 tutum,
990 3064 1072 3112 133333
1083 3055 1134 3111 ble-

72 3148 248 3216 diccuscodcx,
261 3146 517 3203 utnumcrnlibronsm
527 3147 830 3218 reliquosomnessuperat,
842 3143 875 3197 ita
885 3141 1016 3211 scripturae
1026 3141 1136 3197 bonitate

72 3232 179 3304 primum
191 3231 239 3286 sibi
250 3230 338 3286 adserit
348 3231 438 3286 locum.
458 3230 505 3285 nisi
514 3231 580 3303 quod
589 3230 615 3284 iu
627 3228 694 3284 libris
703 3233 816 3298 quattuor
826 3226 909 3298 primis
919 3241 962 3295 par
970 3223 1028 3279 huic
1038 3223 1134 3294 origine

72 3316 116 3372 aed
126 3315 264 3373 accuratius
272 3315 377 3384 scriptus
386 3314 515 3382 Vaticanus
528 3312 606 3369 codes
618 3312 709 3367 maimo
719 3311 792 3366 etlam
802 3311 873 3367 laude
883 3310 972 3381 dignus
982 3312 1027 3362 est.
1047 3305 1135 3378 quibus

72 3400 198 3457 3331131133
209 3399 251 3471 qui
262 3399 378 3468 inpriore
389 3403 456 3468 parte
466 3397 623 3468 epistularum
633 3395 764 3462 accedunt,
776 3394 916 3466 antiquitate
925 3392 976 3446 fere
986 3404 1064 3460 pares,
1077 3389 1134 3442 Ric-

73 3485 200 3542 cardianus
211 3489 237 3538 et
246 3481 405 3546 Florentiuus,
417 3481 441 3546 ii,
454 3481 562 3553 quamvis
577 3479 719 3534 auctoritate
735 3479 860 3534 inluderes
870 3477 919 3531 sint
929 3474 993 3542 (non
1006 3474 1136 3528 satisrecte
