2400 3840
119 203 183 268 260
551 199 585 264 0.
606 199 703 263 Plle

121 354 242 430 ceteris,
258 352 313 414 nisi
327 353 397 415 illud
413 354 562 433 litigatoris
577 352 760 432 amplitudine
770 354 904 414 metiaris.
933 352 1003 413 Sors
1017 361 1046 412 et
1058 371 1125 413 urna

120 440 191 500 lisca
214 436 337 496 iudicem
356 438 500 516 adsignat:
525 437 594 499 licet
615 439 744 515 reicere,
770 436 841 498 licet
862 436 1022 497 exclamare
1039 437 1124 496 ‘bunc

118 519 203 600 nolo,
225 520 337 582 timidus
351 531 397 584 est
412 532 442 584 et
456 523 530 582 bona
541 519 649 582 saeculi
661 537 759 599 parum
775 519 933 598 Intellegit:
955 519 1034 580 illum
1045 520 1123 598 volo,

117 607 184 685 qnia
201 601 352 665 Gaesarem
367 605 480 666 fortiter
493 609 589 666 amat’.
615 602 728 665 Eodem
743 604 806 664 loro
821 613 935 664 utuntur
949 606 1124 685 principatus

118 698 149 751 et
169 688 297 750 libertas.
334 688 413 763 Quae
428 691 583 769 praecipua
601 697 648 748 tua
668 687 840 767 gloriaest,
865 690 983 767 saepius
1005 690 1150 749 vincitur5

119 775 221 842 liscus;
238 774 317 834 cuius
332 773 404 833 mala
421 791 506 833 causa
520 790 669 851 numquam
681 780 736 851 est,
754 773 808 832 nisi
824 772 883 832 sub‘
894 773 970 833 bono
982 773 1122 853 principe,

119 857 224 936 lugens
238 856 295 917 hoo
309 859 453 917 meritum:
468 859 557 918 maius
570 854 657 936 illud,
674 855 750 934 quod
760 873 812 917 eos
822 866 1027 936 procuratores
1038 856 1124 917 babes

119 949 150 1001 ut
171 940 341 1020 plerumque
364 942 443 1000 cives
464 942 505 1001 tui
519 957 576 1000 non
591 937 664 999 alios
679 938 788 999 iudices
801 939 906 1001 malint.
935 940 1068 1000 Liberum
1082 949 1125 1001 est

120 1033 213 1084 autem
225 1023 392 1084 discriminis
405 1022 484 1085 ‘nolo
496 1042 560 1083 eum
572 1023 706 1103 eligere’.
723 1021 826 1103 Neque
841 1025 915 1084 enim
926 1022 1013 1085 ullam
1023 1041 1125 1085 neces·

121 1111 231 1167 sitatem
245 1107 407 1167 muneribus
422 1108 478 1168 tuis
492 1106 588 1185 addis,
603 1117 634 1167 ut
652 1108 699 1186 qui
715 1108 789 1167 scias
805 1106 878 1168 banc
890 1126 957 1169 esse
968 1107 1164 1174 beneflcio-10

121 1208 182 1250 rurn
197 1189 391 1269 principalium
405 1208 556 1270 summurn,
572 1193 596 1252 si
611 1191 668 1251 illis
685 1200 715 1251 et
728 1207 785 1250 non
799 1192 839 1253 uti
856 1190 935 1253 licet.

68 1271 111 1337 37
185 1272 279 1335 Onera
298 1276 408 1353 imperii
425 1274 563 1354 plemqua
585 1274 737 1352 vectigalia
757 1275 864 1335 institui
885 1284 916 1335 ut
936 1292 989 1355 pro
1007 1275 1125 1336 utilitate

121 1359 261 1419 communi
273 1359 312 1419 ita
323 1357 496 1436 singulorum
507 1360 613 1420 iniuriis
627 1364 794 1437 coegerunt.
814 1357 864 1419 His
876 1360 1013 1420 uicesima
1027 1376 1126 1439 reper-

119 1453 148 1504 ta
163 1451 224 1521 est,
246 1442 380 1502 tributum
395 1442 545 1504 tolerabile
562 1452 591 1504 et
605 1441 692 1503 facile
706 1441 861 1503 heredibus
877 1441 1019 1504 dumtaxat
1034 1451 1126 1502 extra·

118 1529 197 1602 neis,
214 1525 380 1587 domesticis
394 1545 492 1605 grave.
529 1525 628 1606 ltaque
643 1525 700 1587 illis
716 1529 876 1603 inrogatum
892 1535 954 1604 est,
970 1526 1015 1587 his
1027 1527 1167 1590 remis-15

119 1628 194 1679 sum;
207 1608 359 1688 videlicet,
377 1609 454 1688 quod
468 1610 647 1671 maniiestum
662 1618 722 1670 erat
737 1618 841 1689 quanto
854 1609 1028 1671 cumdolore
1042 1609 1127 1669 laturi

119 1711 172 1754 seu
187 1693 353 1772 potiusnon
367 1692 449 1753 laturi
463 1693 592 1753 homines
608 1701 707 1754 esseut
718 1692 857 1771 destringi
869 1693 977 1772 aliquid
989 1704 1018 1754 et
1030 1692 1127 1753 abradi

119 1776 202 1835 bonis
220 1792 292 1853 quae
307 1779 461 1853 sanguine,
483 1776 659 1856 gentilitate,
683 1793 829 1837 sacrorum
845 1776 966 1857 denique
984 1780 1127 1838 societate

119 1859 305 1936 meruissent,
333 1877 464 1940 quaeque
478 1878 629 1939 numquam
642 1869 673 1920 ut
693 1859 784 1921 aliena
799 1869 829 1920 et
844 1859 1010 1938 speranda,
1026 1860 1079 1920 sed
1095 1869 1128 1920 ut

119 1961 171 2003 sua
191 1959 364 2022 semperque
384 1961 523 2022 possessa
543 1963 578 2006 ac
597 1942 736 2022 deinceps
756 1945 888 2021 proximo
910 1945 1013 2021 cuique
1035 1951 1166 2005 trans-20

118 2026 252 2088 mittenda
274 2028 428 2105 cepissent.
464 2027 543 2089 llaec
563 2027 748 2088 mansuetudo
762 2027 837 2105 legis
852 2027 998 2089 veteribus
1014 2028 1127 2087 civibus

119 2111 297 2172 servabatur:
307 2112 386 2190 novi,
396 2130 448 2172 seu
460 2128 512 2189 per
522 2110 628 2172 Latium
640 2113 669 2171 in
679 2112 821 2172 civitatem
832 2129 885 2172 seu
897 2111 1039 2172 benelicio
1050 2113 1127 2190 prin·

120 2196 193 2272 cipis
204 2197 368 2273 venissent,
390 2196 444 2255 nisi
459 2195 541 2256 simul
557 2196 734 2273 cognationis
750 2196 809 2254 iura
823 2195 1032 2274 inpetrassent,
1058 2194 1126 2255 alie·

118 2280 226 2339 nissimi
240 2278 414 2339 habebantur
428 2280 530 2358 quibus
546 2279 768 2339 coniunctissimi
783 2278 903 2339 fuerant.
925 2278 968 2339 lta
979 2281 1128 2339 maximum

119 2361 289 2422 beneficium
301 2363 466 2424 vertebatur
480 2364 508 2422 in
523 2365 717 2441 gravissimum
732 2363 874 2440 iniurium,
892 2365 1052 2442 civitasque
1068 2359 1165 2422 llo-25

118 2461 198 2503 mana
212 2446 300 2505 instar
314 2455 374 2506 erat
389 2446 446 2506 odii
461 2454 492 2506 et
506 2445 664 2508 discordiae
679 2455 707 2505 et
730 2445 878 2524 orbitatis,
901 2464 965 2506 cum
981 2448 1128 2521 carissima

119 2528 239 2606 pignora
255 2526 333 2589 salva
347 2531 474 2607 ipsorum
488 2531 594 2609 pietate
606 2529 786 2590 distraheret.
802 2528 1023 2606 Inveniebantur
1033 2541 1127 2592 tamen

119 2610 221 2690 quibus
241 2619 335 2672 tantus
355 2628 433 2671 amor
452 2615 572 2674 nominis
588 2614 678 2673 nostri
692 2615 801 2673 inesset
815 2623 845 2674 ut
859 2612 1013 2674 Romanam
1028 2616 1128 2675 civita·

118 2706 176 2757 tem
191 2713 247 2755 nun
262 2697 416 2757 vicesimae
434 2696 519 2756 modo
535 2698 731 2757 verumetiam
748 2697 919 2757 adfinitatum
934 2696 1034 2759 damna
1050 2698 1125 2760 bene

119 2782 287 2859 conpensari
302 2789 445 2858 putarent;
474 2779 525 2840 sed
544 2782 579 2840 iis
598 2782 717 2840 maxime
737 2780 861 2841 debebat
875 2784 997 2859 gratuita
1018 2784 1163 2865 contin-,do

117 2882 189 2940 gere
202 2881 218 2922 a
230 2865 333 2943 quibus
344 2875 400 2926 tam
415 2880 518 2941 magno
531 2865 739 2925 aestimabatur.
761 2863 852 2942 lgitur
864 2875 947 2943 pater
959 2873 1024 2926 tuus
1036 2866 1128 2925 sanxit

118 2956 148 3006 ut
164 2946 240 3024 quod
255 2966 292 3008 ex
308 2949 403 3008 matris
419 2946 454 3006 ad
468 2946 592 3025 liberos,
616 2967 653 3008 ex
673 2947 831 3009 liberorum
844 2948 927 3008 bouis
944 2950 1128 3026 pervenisset

117 3027 153 3088 ad
168 3038 301 3107 matrem,
320 3031 430 3091 etiamsi
445 3033 644 3108 cognationum
658 3034 718 3091 iura
729 3050 786 3092 non
795 3033 995 3111 recepissent,
1012 3051 1077 3092 cum
1087 3034 1126 3092 ci·

116 3112 232 3170 vitatem
245 3112 484 3193 adipiscerentur,
501 3116 563 3173 eius
580 3115 743 3175 vicesimam
757 3134 793 3176 ne
809 3115 915 3176 darent.
941 3113 1070 3176 Eandem
1085 3117 1126 3176 in·

117 3196 280 3255 munitatem
294 3197 322 3256 in
337 3199 464 3276 paternis
479 3197 562 3260 bonis
578 3197 636 3258 lilio
653 3198 764 3277 tribuit,
786 3198 911 3260 simodo
927 3199 1064 3260 reductus
1080 3208 1164 3263 esst

119 3289 165 3341 set
179 3281 208 3339 in
222 3280 309 3359 patris
325 3289 513 3360 potestatem,
534 3291 612 3342 ratas
627 3282 748 3360 inprobe
764 3292 793 3343 et
808 3282 968 3344 insolenter
983 3301 1017 3342 ac
1032 3300 1126 3361 paene

118 3363 194 3443 inpie
215 3363 260 3425 bis
278 3365 436 3424 nominibus
453 3365 540 3427 inseri
556 3363 753 3445 publicanum,
776 3384 832 3427 nec
846 3369 909 3427 sino
924 3365 1038 3445 piaculo
1055 3384 1126 3446 quo·

119 3443 181 3506 dam
205 3447 398 3510 sanctissimas
423 3449 650 3513 necessitudines
672 3450 751 3510 velut
771 3449 967 3511 intercedente
987 3450 1128 3512 vicesima
