2400 3840
350 111 613 174 EPISTULARUM
627 111 664 173 ll.
682 123 709 177 7.
724 123 752 177 8.
767 123 792 177 9.
812 125 856 178 lo·
1068 117 1109 180 29

102 284 152 328 sus
166 263 281 328 adinum
302 275 469 344 suggenrnt.
506 265 565 327 Sed
586 267 648 325 sive
661 266 756 327 omnio
769 267 852 328 simul
869 269 931 330 sire
948 268 1055 350 aliquid
1067 270 1132 338 las-2
1190 334 1194 339 ,

104 352 156 428 cis,
172 367 231 411 non
245 366 364 428 possum
378 349 477 411 dicere
492 349 647 411 ‘invideo't
667 368 758 429 angor
769 360 863 413 iumen
877 370 934 414 uon
950 353 1060 414 etmihi
1074 354 1107 415 li·

103 453 171 495 cere
184 451 258 512 quae
270 434 314 494 sic
327 435 504 513 concupisco
518 443 549 495 ui
564 435 644 512 aegri
658 436 752 494 vinum
768 434 879 497 balinea
893 437 1000 499 fontes.
1022 436 1107 499 Num·

139 536 223 579 amne
233 517 287 579 lros
298 519 455 581 mosmos
466 516 596 598 laqueos,
613 519 638 579 si
650 518 765 580 solvere
778 530 910 600 negatur,
924 520 1108 602 abrumpam?

82 617 94 671 5
126 619 270 682 umquam,
285 611 366 682 puto.
382 600 454 662 Nom
466 602 613 663 veteribus
627 605 751 680 negotiis
761 621 836 664 nova
848 605 1037 686 adcrescunt,
1053 621 1135 675 nece

100 695 196 757 tamon
210 688 307 767 priom
321 695 510 767 peraguntur:
530 695 574 747 tot
585 686 724 765 nexibus,
739 696 781 748 lot
797 690 877 766 quusi
895 692 1004 751 outonis
1017 694 1105 754 maius

101 770 206 833 indies
222 773 441 851 occupationum
457 789 559 849 agmon
569 769 741 832 extenditur.
756 770 839 833 Volo.

556 903 649 965 vllll.

347 1003 375 1057 o.
394 1001 520 1055 romnus
538 1004 736 1056 nronurnnnu
751 1006 812 1058 suo
829 1005 855 1057 S.

161 1105 284 1167 Anxium
303 1123 350 1166 me
374 1116 404 1167 ec
429 1108 585 1186 inquietum
603 1106 690 1169 habet
710 1110 812 1188 petitio
831 1109 913 1171 Sexti
932 1108 1019 1171 Eruci
1039 1113 1130 1180 mei.1

99 1192 229 1254 Adflcior
250 1207 318 1251 curo
340 1199 370 1251 et
390 1209 474 1270 quam
491 1209 545 1270 pro
565 1210 611 1252 me
633 1191 854 1254 sollicitudinem
871 1212 928 1255 non
948 1194 1003 1254 ulii
1024 1197 1104 1274 quusi

100 1293 152 1356 pro
165 1293 213 1336 me
229 1274 320 1335 allero
336 1276 441 1354 potior3
464 1285 494 1336 et
509 1274 615 1353 alioqui
626 1294 708 1337 meus
721 1277 830 1355 pudor,
844 1296 908 1338 mco
922 1280 1104 1357 existimatio,

99 1378 162 1421 meu
177 1359 299 1437 dignitm
313 1360 342 1418 iu
355 1357 509 1420 discrimen
523 1358 680 1419 adducitur.
702 1358 768 1438 Ego
784 1361 873 1421 Sexto
890 1360 977 1421 lotum
994 1361 1129 1430 clavums

62 1457 117 1509 lou
137 1440 265 1505 Guesoro
284 1451 401 1521 nostro,
426 1460 485 1520 ego
504 1453 684 1523 quaesturam
704 1445 861 1523 inpotmvi,
882 1462 948 1505 mco
968 1446 1104 1523 suffragio

99 1529 232 1608 pervenit
245 1526 281 1588 od
294 1529 337 1588 ius
353 1528 522 1589 tribunatum
532 1526 665 1606 petendi,
687 1546 772 1607 quem
785 1530 840 1590 nisi
856 1529 966 1590 oblinet
979 1531 1008 1589 in
1022 1547 1104 1590 sona-

99 1622 141 1691 tu,
155 1629 262 1672 vereor
277 1630 314 1673 ne
328 1611 484 1690 decepisse
498 1608 653 1674 &courcm
666 1612 773 1673 videar.
792 1612 914 1675 Proinde
926 1612 1131 1682 adnitendums

99 1707 145 1759 ost
160 1695 229 1757 milui
242 1705 274 1757 ui
287 1694 375 1757 talem
388 1713 454 1756 eum
467 1695 594 1757 iudicent
614 1713 730 1774 omnes,
756 1696 868 1776 qualem
884 1716 952 1760 esse
966 1700 1104 1777 princeps

98 1780 165 1841 milri
181 1779 312 1846 credidit·
332 1777 413 1852 oms
427 1799 514 1842 ouusu
528 1780 552 1840 si
567 1780 689 1841 studium
699 1798 793 1842 rneum
803 1799 861 1843 non
872 1784 1013 1860 meimet,
1028 1782 1105 1843 aliu·

55 1873 158 1934 mlum
173 1873 269 1925 lumen
282 1881 420 1942 cuperem
433 1865 567 1925 iuvenem
581 1865 792 1944 probissimum,
810 1868 1024 1946 gravissimum,
1041 1885 1105 1927 eru·

97 1947 284 2026 ffltmsimum,
306 1949 381 2008 omni
397 1947 519 2027 denique
539 1946 624 2008 lunio
639 1948 848 2028 dignissimum,
866 1959 896 2010 et
911 1951 1025 2028 quidem
1040 1968 1104 2011 cum

95 2032 261 2094 tolndomo.
283 2031 355 2092 llam
366 2042 448 2112 poter
459 2031 620 2112 eiEpucius
634 2030 745 2109 Clarus,
762 2034 806 2090 vir
816 2042 943 2111 soricius,
959 2035 1130 2112 antiquus,4

96 2115 232 2195 disertus,
246 2125 332 2194 cique
344 2115 503 2194 iungendis
520 2118 613 2177 causis
629 2117 813 2193 exercitatus,
829 2134 898 2194 quos
913 2117 1101 2196 summumne,

94 2201 157 2278 pari
172 2202 346 2278 constantio,
369 2219 424 2261 nec
434 2199 608 2261 verecundis
618 2201 728 2260 minore
743 2198 893 2267 defendit..
909 2198 1002 2262 Habet
1017 2219 1103 2261 avun-

52 2283 192 2352 2sculum
208 2281 243 2345 G.
258 2282 433 2363 Septicium,
457 2301 513 2363 qno
528 2283 597 2344 nihil
611 2285 726 2362 verius,
745 2283 815 2345 nihil
837 2284 1012 2363 simplicius,
1032 2285 1101 2346 nihil

95 2367 254 2447 candidius,
269 2367 338 2428 nihil
352 2367 464 2430 fidelius
477 2370 555 2429 novi.
577 2367 683 2430 Omnes
699 2386 746 2428 mc
762 2371 891 2430 cortuum
904 2379 934 2431 et
948 2379 1041 2430 tomen
1055 2382 1127 2433 ire-5

94 2452 217 2532 quuliier
232 2461 340 2530 amoni,
356 2453 483 2514 omnibus
497 2471 573 2513 nuuc
586 2468 642 2530 ego
657 2454 686 2512 in
699 2470 756 2512 uno
771 2452 883 2513 referre
899 2455 1016 2532 gratim
1033 2472 1101 2533 pos·

93 2555 166 2598 sum.
188 2535 290 2615 Imque
302 2555 408 2617 prenso
418 2538 537 2614 amicos,
556 2535 700 2616 supplico,
717 2537 822 2616 ambio,
837 2537 938 2600 domos
949 2539 1101 2600 stationes·

94 2639 152 2700 que
173 2623 338 2699 circumeo,
361 2630 550 2700 quantumque
570 2619 618 2681 vel
639 2623 807 2682 auctoritato
822 2620 872 2683 vel
886 2623 976 2700 potia
989 2620 1100 2682 vulesm

50 2706 230 2784 apprecilrus
245 2709 389 2784 experior.
422 2704 463 2766 'lo
481 2723 595 2784 quoque
610 2705 736 2766 obsecro
752 2714 783 2765 ut
796 2705 918 2784 aliquam
933 2707 1028 2766 oneris
1044 2707 1126 2774 meio

92 2798 203 2869 portem
213 2792 365 2870 suscipere
376 2791 444 2851 tunli
456 2800 551 2870 putes.
568 2788 696 2849 Reddam
706 2791 810 2867 vicem,
826 2791 850 2848 si
860 2804 1019 2868 reposces,
1034 2789 1100 2850 red·

92 2874 155 2936 lum
166 2877 233 2936 cosi
244 2891 300 2935 non
311 2892 463 2954 reposces.
481 2873 629 2951 Diligeris,
643 2872 761 2950 coleris,
779 2873 983 2951 frequentaris:
1002 2883 1098 2936 oslen-

93 2956 225 3020 demodo
236 2957 316 3020 velle
327 2969 374 3037 te,
393 2977 449 3019 nec
460 2958 580 3018 deerunt
590 2958 638 3037 qui
650 2956 727 3036 quod
740 2965 770 3016 iu
786 2955 860 3018 uelis
872 2957 996 3037 cupiant.
1015 2958 1088 3020 Vale

265 3146 268 3154 .
572 3090 609 3152 X.

366 3191 393 3243 o.
411 3190 536 3244 nonnius
553 3160 692 3243 oonuvro
712 3189 771 3242 suo
791 3189 818 3246 S.

152 3293 303 3367 Hominem
321 3303 352 3354 te
367 3295 521 3373 potientem
540 3293 589 3355 vel
609 3295 704 3373 potius
725 3293 872 3356 durumne
886 3313 978 3374 poeno
996 3291 1120 3355 crude-1

93 3376 160 3458 lem,
175 3379 296 3459 quimm
311 3379 438 3456 insignes
452 3378 542 3440 libros
560 3388 616 3439 tom
630 3379 677 3438 diu
690 3378 805 3441 leneas!
826 3378 984 3458 Quousque
998 3388 1028 3439 et
1045 3374 1120 3436 tibin

69 1044 95 1099 lo
