2400 3848
99 113 162 178 258
538 111 569 177 0.
592 111 688 172 PLINl

102 275 353 345 contemptumque
362 267 460 326 mortis
474 263 664 341 accenderet,
682 266 786 324 cumin
800 284 957 329 serrorum
968 266 1055 327 etiam
1069 285 1112 328 no·

100 351 269 427 xioruurque
285 348 456 426 corporibus
476 365 553 408 amor
568 347 657 407 laudis
674 357 705 408 et
721 348 828 426 cupido
849 351 995 412 victoriae
1015 369 1111 412 cerne

101 443 189 494 retur.
226 431 317 506 Quam
337 432 439 492 deiude
460 434 489 491 in
510 431 622 492 edendo
637 430 855 510 liberalitatem,
879 450 969 512 quarn
984 434 1112 495 iustitiam

101 517 247 593 exhibuit,
269 518 343 576 omui
364 515 528 576 adlectione
549 524 596 574 aut
610 516 732 576 intactus
746 525 793 575 aut
807 516 917 578 maior!
936 515 1111 596 Inpetratum

102 611 148 661 est
166 600 242 679 quod
256 600 469 679 postulabatur,
487 597 612 659 oblatum
626 597 703 676 quod
716 615 773 659 nou
789 599 1004 677 postulabatur.
1031 601 1129 662 lusti-⁵

101 687 134 746 tit
148 683 223 745 ultro
239 694 268 745 ct
281 693 312 744 ut
326 684 600 762 concupisceremus
616 681 774 759 admonuit,
789 700 824 743 ao
839 682 885 744 sic
901 701 1020 764 qaoque
1033 685 1109 764 plura

101 770 257 847 inopinata,
282 766 361 844 plura
376 764 478 828 subita.
511 765 570 826 lam
586 783 669 844 quarn
687 765 777 826 libera
796 770 994 846 spumantium
1011 768 1108 846 studia,

101 870 183 932 mam
204 869 323 912 securus
345 849 440 910 favor!
477 849 589 910 Nemini
608 851 745 929 inpietas,
773 858 804 910 ut
825 850 962 927 solebat,
988 852 1107 929 obiecta,

101 936 178 1014 quod
195 935 303 995 odisset
317 933 517 1011 gladiatorem:
538 951 622 994 nemo
637 953 654 995 e
671 941 834 1012 spectatore
853 934 1056 1013 spectaculum
1071 935 1108 995 ia·

102 1029 182 1095 ctus,
198 1019 315 1077 misems
331 1016 494 1095 voluptates
507 1035 581 1077 unco
596 1026 626 1078 et
636 1018 747 1095 ignibus
762 1018 901 1095 expiarit.
920 1018 1049 1081 Demens
1062 1018 1108 1078 ille
1116 1033 1141 1084 10

100 1103 220 1178 verique
236 1099 352 1160 honoris
368 1102 483 1177 ignarus
498 1102 548 1179 qui
564 1103 680 1161 crimina
692 1103 846 1162 maiestatis
860 1102 890 1160 iu
907 1100 1015 1165 harena
1031 1101 1107 1163 colli·

100 1185 188 1262 gebat
210 1202 244 1244 ac
262 1203 296 1245 se
316 1183 427 1263 despici
449 1194 479 1245 et
500 1187 662 1263 contemni,
686 1184 741 1246 nisi
757 1186 842 1245 etiam
854 1184 1036 1262 gladiatores
1050 1189 1108 1248 eius

100 1286 315 1346 veneraremur,
338 1269 392 1328 sibi
408 1266 554 1329 maledici
571 1268 687 1347 luillis,
709 1285 787 1328 suam
807 1268 1004 1347 divinitatem,
1030 1289 1109 1333 suum

101 1372 203 1413 numen
212 1353 311 1413 violari
322 1352 569 1432 interpretabatur,
583 1371 704 1432 cumque
715 1369 748 1412 se
761 1351 838 1411 idern
848 1353 928 1432 qued
938 1352 1023 1432 deos,
1034 1354 1109 1415 idem

50 1442 92 1503 34
102 1436 276 1515 gladiatores
292 1437 368 1516 quod
382 1457 415 1497 se
432 1437 556 1514 putabat.
591 1435 629 1497 At
643 1447 691 1513 tu,
716 1434 841 1511 Caesar,
860 1454 945 1514 quam
954 1437 1108 1516 pulchrum
1116 1452 1142 1505 15

102 1520 297 1600 spectaculum
313 1538 365 1598 pro
388 1520 438 1581 illo
458 1521 540 1582 nobis
555 1519 711 1582 execrabili
725 1518 887 1580 reddidisti!
916 1519 1044 1581 Vidimus
1060 1521 1107 1581 dc·

101 1603 221 1663 latorum
235 1604 385 1681 iudicium,
402 1607 482 1683 quasi
493 1615 701 1682 grassatorum,
718 1603 798 1683 quasi
811 1602 963 1664 latronum.
981 1603 1048 1666 llon
1063 1623 1108 1665 so·

101 1685 247 1746 litudinem
260 1686 318 1764 illi,
341 1705 398 1747 non
415 1691 485 1765 iter,
506 1688 559 1749 scd
578 1687 731 1766 templm,
753 1685 807 1748 sad
821 1686 915 1748 iorum
928 1689 1107 1750 insederant·

101 1767 179 1829 nulla
192 1772 245 1829 iam
260 1779 427 1831 testamenta
441 1789 558 1850 secura,
573 1771 669 1833 nullus
683 1780 773 1833 status
787 1781 902 1833 certus:
916 1788 973 1832 nan
988 1773 1106 1850 orbitas,

100 1870 158 1913 non
177 1853 261 1914 liberi
282 1854 445 1932 proderant.
476 1853 605 1916 Auxerat
622 1855 678 1916 boc
692 1854 794 1915 malum
808 1857 969 1936 principum
981 1858 1144 1918 auaritiam

101 1938 256 1999 Advertisti
280 1938 380 1999 oculos
401 1949 487 2017 atque
507 1948 538 1999 ut
552 1948 617 1999 ante
639 1941 739 2000 castris
754 1940 793 1998 ita
807 1949 912 2017 postea
926 1954 1029 2020 pacem
1041 1939 1107 2000 ioro

100 2022 262 2083 reddidisti:
277 2022 408 2083 excidisti
421 2025 586 2084 intestinum
598 2022 701 2083 malum
718 2032 747 2082 et
760 2023 881 2102 provida
892 2026 1049 2085 serenitate
1062 2042 1106 2083 ca·

102 2107 169 2166 risti
184 2125 221 2166 ue
236 2105 350 2167 fundata
364 2106 478 2184 legibus
493 2108 593 2167 civitas
611 2125 713 2168 eversa
724 2105 838 2184 legibus
848 2107 1005 2168 rideretur.
1027 2107 1107 2169 Licet

102 2206 173 2266 ergo
182 2208 246 2249 cum
257 2190 367 2251 fortuna
379 2200 437 2251 turn
449 2190 603 2252 liberalitas
610 2199 657 2251 tua
668 2190 786 2251 visenda
797 2190 882 2252 uobis
891 2191 1070 2270 praebuerit,
1077 2199 1106 2249 ut

100 2273 247 2350 praebuit,
266 2292 341 2333 nunc
353 2275 479 2351 ingentia
490 2275 593 2335 robora
606 2276 731 2334 virorum
749 2283 779 2334 et
792 2277 877 2351 pares
888 2276 1014 2354 animoa,
1032 2277 1142 2336 nuncii

101 2356 289 2414 inmanitatem
300 2357 433 2434 ferarum,
441 2377 516 2419 nunc
528 2358 771 2419 mansuetudinem
781 2358 964 2436 incognitam,
972 2376 1047 2419 nnnc
1060 2377 1104 2419 se·

101 2445 194 2497 cretas
205 2437 268 2497 illas
289 2448 318 2497 et
330 2457 446 2499 arcanas
466 2459 500 2500 ac
513 2442 566 2501 sub
579 2451 607 2502 te
621 2444 741 2521 primum
751 2457 917 2502 communes
930 2459 1021 2521 opem
1038 2440 1104 2502 nibil

100 2521 395 2599 tameugratius,nihil
408 2523 526 2584 saeculo
539 2525 650 2602 dignius
664 2543 747 2604 quam
759 2524 835 2604 quod
848 2527 970 2605 contigit
981 2526 1104 2606 desuper

101 2607 203 2667 intueri
221 2605 376 2667 delatorum
387 2608 488 2684 supina
501 2624 550 2668 ora
559 2617 739 2688 retortasque
753 2610 894 2670 cervices.
915 2610 1103 2688 Agnosceba·

100 2710 162 2753 mus
179 2699 207 2752 et
218 2692 396 2770 fruebamur,
417 2709 480 2750 curn
492 2690 573 2752 velut
584 2692 744 2771 piaculares
758 2691 1139 2770 publicas-sollicitudinum

99 2777 231 2837 victimae
250 2794 335 2854 supra
355 2779 520 2855 sanguinem
536 2778 684 2838 noxiomm
700 2775 736 2837 ad
747 2775 824 2836 lenta
835 2776 981 2854 supplicia
994 2779 1103 2857 gravio·

98 2876 205 2936 resque
220 2877 328 2938 poenas
341 2859 521 2921 ducerentur.
538 2858 676 2939 congesti
687 2869 751 2921 sunt
763 2861 791 2919 iu
803 2860 916 2938 navigia
927 2863 1031 2940 raptim
1038 2878 1102 2921 con·

101 2943 202 3015 quisita
214 2962 248 3002 ao
261 2945 477 3023 tempestatibus
491 2943 592 3005 dediti:
610 2946 730 3022 abirent,
744 2943 877 3021 fugerent
889 2953 1017 3006 amulas
1029 2942 1103 3005 dela·

100 3023 223 3084 tionibus
235 3035 340 3097 terras;
358 3046 392 3088 ac
407 3029 431 3088 si
445 3045 528 3107 quem
541 3026 642 3090 ductus
656 3047 690 3089 ac
703 3025 849 3107 procellae
865 3027 998 3107 scopulis
1010 3045 1103 3090 reser-

99 3114 227 3181 vassent,
239 3107 286 3166 bic
297 3111 370 3172 nuda
381 3129 448 3171 saxa
462 3119 490 3172 ct
502 3110 672 3190 inhospitale
685 3111 751 3171 litus
762 3109 920 3190 incoloret,
940 3121 1043 3191 ageret
1054 3110 1139 3172 ‹iu-ao

99 3207 158 3248 ram
173 3194 201 3247 et
213 3191 321 3249 anxiam
332 3195 433 3272 uitam,
453 3193 610 3273 relictaque
623 3205 690 3274 post
701 3204 811 3272 tergum
824 3195 912 3256 totius
925 3197 1044 3274 generis
1054 3195 1104 3255 hu·

48 3272 90 3335 35
101 3273 173 3331 mani
186 3273 339 3333 securitate
350 3287 499 3338 maereret.
520 3276 700 3339 Memoranda
714 3278 814 3356 iacies,
830 3276 990 3339 delatorum
1003 3278 1103 3341 classis

95 3356 240 3436 permissa
253 3357 380 3417 omnibus
393 3363 486 3422 ventis
502 3369 657 3442 coactaque
668 3361 733 3422 vela
745 3361 965 3440 tempestatibus
977 3362 1104 3444 pandere
