2400 3840
245 206 506 270 EPISTULARUM
516 207 607 270 vl111.
628 218 653 272 3.
666 218 691 271 4.
705 221 730 272 5.
743 219 770 274 6.
782 219 808 274 t.
969 209 1029 274 177

511 360 545 419 V.

323 457 350 508 c.
367 457 491 524 numius
505 458 614 510 nuncin
632 434 737 514 suos

86 557 216 637 Egregie
231 559 302 620 facis
319 561 446 640 (inquiro
461 562 563 640 enim),
581 571 609 622 et
623 579 790 641 persevera,
806 563 883 642 quod
896 565 1054 630 iustitiaml

26 652 99 703 tuam
113 643 335 723 provincialibus
346 644 433 705 multa
447 645 617 705 humanitate
635 646 829 716 commendam
852 649 931 707 cuins
946 667 1028 728 prae·

26 729 109 806 cipue
124 745 191 806 pars
213 736 258 788 est
277 728 506 789 honestissimum
525 747 667 808 quemque
690 729 834 808 conplecti
848 731 941 810 adque
961 733 1029 792 itaa

26 812 178 872 minoribus
199 813 283 871 amari
297 820 328 871 ut
342 811 424 872 simul
438 830 455 872 a
473 813 648 892 principibus
667 811 796 891 diligere.
829 813 963 893 Plerique
979 826 1053 877 aut

26 904 97 972 tem,
117 893 183 954 dum
200 903 335 955 verentur
348 914 385 955 ne
407 897 515 974 gratiae
532 897 688 975 potentium
706 897 820 957 nimium
834 899 972 977 inpertire
986 900 1027 957 vi-

26 977 159 1056 deantur,
183 980 371 1040 sinisteritatis
387 978 480 1059 adque
499 981 583 1040 etiam
602 979 782 1058 malignitatis
803 979 904 1042 lamam
926 998 1027 1042 conse·

26 1070 155 1140 quuruur.
185 1062 282 1141 Aquo
297 1063 366 1123 vitio
380 1072 410 1123 tu
424 1062 512 1141 longe
528 1063 693 1124 recessisti:
709 1066 786 1134 scio;
803 1064 856 1125 sed
866 1073 1054 1145 temperaret

26 1145 89 1204 mihi
105 1163 162 1205 non
173 1163 291 1225 possum
305 1164 362 1225 quo
379 1148 469 1208 minus
487 1146 599 1208 laudem
620 1146 717 1208 similis
732 1150 857 1209 monenti
872 1147 948 1228 quod
963 1165 1028 1209 eum

26 1228 136 1289 modum
156 1238 238 1290 tenes
261 1240 292 1291 ut
314 1230 472 1290 discrimina
488 1230 615 1291 ordinum
630 1231 851 1311 dignitatumque
867 1232 1027 1301 custodiam

26 1330 97 1392 quae
116 1315 141 1373 si
160 1314 278 1375 confusa
302 1314 412 1376 turbata
426 1315 564 1393 permixta
579 1322 660 1390 sunt,
678 1314 749 1373 nihil
765 1325 810 1375 est
826 1317 888 1395 ipsa
903 1315 1027 1394 aequali·

26 1405 80 1457 tate
96 1397 279 1477 inaequalius.
312 1397 392 1457 Vale.

498 1493 545 1554 Vl.

294 1594 320 1645 0.
341 1593 466 1646 PLINIUS
483 1593 630 1645 GALVISIO
649 1595 709 1647 SUO
728 1594 754 1645 S.

85 1695 174 1755 Omne
189 1695 246 1756 hoc
261 1704 372 1774 tempus
388 1697 461 1756 inter
473 1695 630 1775 pugillares
647 1716 681 1758 ac
696 1696 812 1758 libellos
828 1696 1050 1759 iucundissimal

26 1779 120 1860 quiete
142 1780 291 1840 transmisi.
316 1778 581 1853 ‘Quemadmodum’
604 1784 696 1861 inquis
719 1783 759 1841 ‘in
779 1781 849 1841 urbe
872 1778 1026 1859 potuistil'

26 1861 177 1924 Circenses
199 1871 292 1940 erant,
314 1880 371 1942 quo
390 1881 499 1941 genere
517 1864 675 1944 spectaculi
695 1884 732 1925 ne
753 1865 900 1926 levissime
915 1863 1027 1943 quidem

26 1957 132 2008 teneor.
161 1945 237 2007 Nihil
251 1965 370 2025 novum,
385 1946 453 2007 nihil
467 1950 591 2026 varium,
607 1948 675 2008 nihil
690 1948 767 2028 quod
782 1965 838 2008 non
853 1947 943 2009 semel
959 1966 1026 2027 spe·

26 2041 119 2093 ctasse
136 2030 269 2092 sufficiat.
303 2031 366 2104 Quo
387 2033 476 2108 magis
497 2032 584 2091 miror
604 2041 645 2091 tot
658 2030 734 2092 milia
749 2033 871 2093 virorum
885 2042 941 2091 tam
957 2039 1052 2109 pue-b

26 2115 113 2176 rillter
126 2114 279 2176 identidem
295 2132 404 2193 cupere
421 2125 568 2176 currentes
590 2131 701 2194 equos,
715 2116 880 2176 insistentes
897 2115 1026 2176 curribus

26 2201 150 2261 nomines
165 2198 272 2259 ridere.
296 2198 326 2258 Si
339 2206 431 2258 tamen
442 2207 489 2258 ant
502 2198 656 2259 velocitate
672 2215 809 2277 equorum
824 2207 871 2258 aut
884 2198 1027 2259 hominum

26 2291 81 2344 arte
104 2283 298 2361 traherentur,
322 2293 400 2343 esset
426 2283 497 2342 ratio
520 2299 577 2343 non
597 2282 687 2343 nulla:
714 2301 788 2342 nunc
810 2282 905 2341 lavent
920 2298 1025 2360 panno,

26 2383 143 2446 pannum
159 2377 260 2442 uniant,
276 2368 343 2426 etsi
358 2367 561 2444 inipsocursu
576 2366 729 2445 medioque
745 2368 898 2427 certamine
914 2364 961 2426 hic
977 2383 1026 2426 co·

26 2452 68 2511 lor
80 2449 167 2527 illuc,
184 2448 234 2511 ille
253 2451 309 2510 huc
324 2450 522 2526 transferatur,
546 2449 666 2511 studium
682 2450 819 2529 favorque
840 2450 979 2527 transibit,
998 2458 1028 2510 et

26 2543 144 2614 repente
162 2535 316 2613 agitatores
335 2532 418 2612 illos,
446 2551 537 2614 equos
558 2533 640 2613 illos,
665 2551 737 2613 quos
758 2535 859 2614 procul
873 2536 1027 2611 noscitant,

26 2636 144 2699 quorum
161 2618 302 2680 clamitant
316 2621 443 2696 nomina,
459 2618 630 2699 relinquent.
663 2617 749 2678 'lanta
763 2620 867 2696 gratia,
892 2626 966 2678 tanta
980 2636 1026 2677 au·

26 2705 142 2763 ctoritas
154 2704 182 2761 in
192 2720 246 2762 una
259 2701 395 2763 uilissima
413 2704 517 2780 tunica,
532 2704 611 2763 mitto
627 2701 702 2781 apud
717 2701 838 2780 vulgus,
857 2701 933 2779 quod
943 2699 1054 2760 viliusb

26 2788 136 2862 tunica,
159 2784 211 2845 sed
224 2785 299 2865 apud
312 2785 448 2865 quosdam
462 2804 567 2864 graves
577 2784 722 2854 homines;
741 2801 813 2862 quos
828 2801 885 2861 ego
904 2800 967 2843 cum
982 2799 1027 2841 re·

26 2869 130 2932 cordor
148 2870 176 2929 in
197 2888 230 2930 re
248 2871 321 2929 inani
348 2869 448 2947 frigida
474 2869 590 2929 adsidua
609 2877 664 2928 tam
677 2866 872 2928 insatiabiliter
883 2866 1027 2942 desidere,

26 2955 108 3033 capio
129 2952 250 3032 aliquam
263 2952 455 3031 voluptatem,
468 2953 545 3031 quod
554 2952 608 3013 bac
620 2950 768 3029 voluptate
781 2968 837 3010 non
855 2952 961 3028 capior.
984 2949 1057 3010 hcl

26 3056 77 3117 per
91 3038 146 3098 hos
162 3037 224 3098 dies
236 3036 423 3098 libentissime
439 3037 529 3096 otium
537 3053 630 3095 meum
645 3036 673 3094 in
689 3033 791 3094 litteris
805 3033 937 3114 conloco,
955 3051 1028 3114 quos

26 3122 70 3181 ulii
87 3122 268 3182 otiosissimis
284 3120 520 3199 occupationibus
535 3118 666 3198 perdunt.
695 3116 777 3178 Vale.

392 3265 395 3269 ’
496 3252 560 3314 vit.

302 3352 328 3404 c.
347 3354 472 3407 rutulus
490 3351 625 3405 nomano
643 3351 702 3404 suo
720 3351 737 3402 s

87 3456 250 3518 Aedificare
266 3465 296 3516 te
311 3457 426 3520 scribis.
445 3455 526 3521 Rene
542 3466 605 3520 est:
624 3455 728 3520 iuueni
738 3453 960 3596 pauoexplpm·,
972 3445 1096 3506 aem

58 3545 134 3596 Psrnr
150 3545 198 3598 ΕΡ.
