2400 3840
61 3542 101 3576 Ιιι

131 197 191 260 180
554 194 586 258 G.
609 194 705 257 l‘bllll
1191 132 1196 341 i

1192 352 1196 389 l

130 368 220 428 equos
237 359 265 409 et
282 368 367 410 canes
388 360 507 410 emeret.
538 348 609 410 lluic
630 365 687 426 ego
707 349 811 408 iuvene
833 346 968 426 digresso
990 349 1126 428 boneta,
1192 344 1197 415 L

127 450 313 512 numquamne
329 433 425 495 fecisti
443 433 548 512 quoda
562 440 643 511 patre
657 433 762 511 corripi
778 429 902 510 posset?
922 432 1032 512 fecisti,
1049 431 1128 496 dieoi

128 535 185 577 non
200 517 340 578 interdum
356 517 428 578 facis
449 516 524 596 quod
542 516 614 576 filius
635 525 717 592 tuus,
740 517 765 576 si
781 525 904 594 repente
919 526 1003 595 pater
1016 517 1082 596 ille,
1104 529 1129 578 tu
1195 568 1198 591 ÷

129 600 214 678 lilius,
236 604 295 679 pari
314 604 452 680 grantate
467 596 676 679 reprehendat?
698 598 761 659 Non
776 616 876 661 omnes
891 598 1025 664 bomines
1039 602 1128 681 aliquo
1195 594 1199 629 ²

129 702 228 745 errore
246 683 406 746 ducuntur?
422 702 478 744 non
493 684 540 743 hic
552 686 580 743 in
594 681 645 742 illo
660 683 732 760 sibi,
754 684 782 741 in
803 682 861 744 boc
875 682 951 748 alius
965 682 1147 765 indulget‘f't

103 766 207 830 illaec
223 771 273 830 tibi
288 769 447 830 admonitus
464 768 621 828 inmodicae
636 768 797 828 severitatis
818 768 955 848 exemplo
971 787 1026 849 pro
1040 786 1131 831 amore

128 862 225 913 mutuo
242 856 362 932 scripsi,
388 871 424 912 ne
441 852 551 931 quando
567 860 597 910 tu
612 868 727 929 quoque
743 848 829 910 lilium
844 859 923 911 tunm
936 854 1072 915 acerbius
1086 853 1129 914 du·

128 939 245 1015 riusque
264 943 410 997 tractares.
441 933 544 1014 Cogita
562 944 591 994 et
611 933 688 993 illum
710 951 829 1012 puerum
848 951 919 995 esse
940 946 971 997 et
988 947 1020 998 te
1035 937 1128 1014 fnisse,

129 1019 221 1097 adque
236 1021 273 1078 ita
290 1018 346 1078 boe
368 1018 443 1097 quod
465 1038 497 1079 es
520 1029 601 1098 pater
617 1026 698 1078 utere
722 1028 753 1078 ut
769 1019 934 1080 memineris
950 1029 981 1080 et
995 1021 1130 1082 bominem

130 1121 196 1162 esse
209 1111 237 1161 te
252 1111 281 1161 et
293 1101 411 1161 hominis
426 1112 543 1180 patrem.
573 1100 654 1161 Vale.
1136 1115 1161 1168 aa

594 1234 673 1295 lllll.

390 1336 417 1385 G.
434 1333 558 1386 PLlNlUS
573 1334 749 1394 Qunbunuo
765 1332 826 1385 SUO
844 1331 870 1382 S.

105 1445 119 1496 1
192 1435 302 1510 Quanto
322 1436 476 1497 studiosius
491 1437 683 1514 intentiusque
699 1434 795 1512 legisti
815 1433 906 1496 libros
922 1451 999 1514 quos
1015 1436 1052 1496 de
1069 1435 1130 1497 llel·

129 1520 185 1580 vidi
197 1520 304 1579 ultione
321 1523 485 1598 composui,
507 1529 584 1580 tanto
596 1521 751 1598 impensius
765 1517 895 1597 postulas
911 1528 941 1579 ut
956 1521 1159 1598 perscribamus

130 1605 180 1662 tibi
204 1620 277 1680 quae
299 1612 380 1662 extra
398 1602 486 1664 libros
514 1621 644 1682 quaeque
669 1604 744 1663 circa
765 1602 872 1679 libros,
899 1611 992 1662 totum
1014 1602 1130 1683 deniquo

103 1686 255 1746 sordinem
277 1685 334 1761 rei,
368 1689 413 1747 oui
433 1705 486 1766 per
508 1695 630 1746 aetatem
655 1704 711 1746 non
739 1685 900 1746 interfuisti.
939 1685 1052 1749 Occiso
1079 1687 1130 1748 llo·

129 1769 241 1826 mitiano
260 1770 343 1827 statui
358 1788 469 1830 mecum
483 1789 517 1830 ac
529 1769 684 1830 deliberari
700 1787 767 1831 esse
782 1786 912 1847 magnam
927 1770 1130 1849 pulchramque

129 1851 271 1911 materiam
287 1852 443 1914 insectandi
457 1863 613 1930 nocentes,
641 1855 762 1914 miseros
776 1852 952 1932 vindicandi,
982 1873 1018 1916 sc
1039 1855 1129 1935 prole·
1195 1850 1198 1921 J

129 1934 218 1995 rendi.
248 1934 335 1996 Porro
355 1940 429 1998 inter
443 1938 528 1997 multa
542 1936 654 1998 scelera
666 1936 815 1998 multorum
829 1936 939 1996 nullum
955 1941 1082 2000 atrocius
1095 1940 1161 2001 till
1195 1944 1198 2009 Ι

129 2019 247 2081 debatur
268 2038 350 2099 quam
365 2022 440 2100 qnod
459 2023 487 2080 in
500 2030 599 2082 senatu
613 2031 728 2082 senator
739 2021 875 2099 senatori,
890 2025 1056 2100 praetorius
1070 2039 1130 2084 con·

130 2102 231 2181 sulari,
257 2122 308 2164 reo
328 2106 413 2166 iudex
430 2124 526 2166 manus
549 2104 698 2165 intulisset.
733 2104 835 2164 Fuerat
857 2103 965 2184 alioqui
988 2106 1058 2168 mibi
1074 2123 1130 2167 cum

129 2185 260 2247 Helvidio
276 2191 412 2267 amicitia,
430 2200 531 2268 quanta
542 2197 675 2266 potuerat
690 2206 757 2249 csse
773 2205 837 2248 cum
852 2205 889 2248 eo
904 2191 956 2268 qui
971 2201 1052 2252 metu
1067 2201 1130 2252 tem·
1190 2206 1194 2273 ξ

102 2279 228 2350 iporum
243 2288 346 2332 nomen
362 2274 463 2350 ingens
479 2290 621 2351 paresque
631 2274 751 2332 virtutes
764 2290 885 2333 secessu
895 2274 1030 2355 tegebat,
1045 2275 1130 2336 fuerat
1191 2280 1198 2359 Ἰ

130 2369 193 2413 curn
206 2353 290 2414 Arria
311 2365 340 2415 et
361 2357 480 2433 Fannia,
502 2373 617 2434 quarum
638 2354 727 2416 altere
747 2354 859 2416 Helvidi
879 2374 1027 2437 noverca,
1047 2357 1163 2419 alterati
1193 2374 1198 2399 ι

129 2445 218 2496 mater
232 2455 384 2500 novercae.
418 2439 477 2499 Sed
493 2455 549 2497 non
567 2441 604 2498 ita
620 2457 667 2499 me
686 2441 744 2498 iura
760 2441 868 2518 priuata
883 2448 914 2500 ut
929 2441 1077 2521 publicum
1092 2441 1130 2502 fas

103 2528 159 2581 let
173 2520 323 2598 indignitas
337 2523 403 2584 facti
418 2533 447 2584 et
459 2521 584 2600 exempli
597 2524 669 2582 ratio
684 2523 824 2587 incitabat.
848 2522 894 2584 Ac
909 2525 1012 2602 primis
1023 2524 1131 2605 quidem

130 2603 230 2665 diebus
248 2605 374 2667 redditae
394 2606 532 2665 libertatis
553 2620 606 2682 pro
622 2622 655 2666 sc
670 2607 791 2685 quisque
804 2608 938 2669 inimicos
954 2627 1041 2688 suos,
1057 2608 1131 2669 dum·

129 2698 203 2749 tanat
217 2691 358 2768 minores,
377 2688 521 2750 incondito
534 2688 704 2768 turbidoque
720 2689 845 2751 clamore
864 2691 1083 2770 postulaverant
1097 2692 1130 2753 si·

128 2773 184 2831 mul
201 2783 230 2833 et
245 2782 458 2852 oppresserant.
480 2771 545 2849 Ego
563 2782 592 2833 et
606 2774 763 2836 modestius
778 2782 807 2834 et
825 2778 1003 2838 constantius
1018 2777 1164 2838 arbitra-to

128 2865 174 2916 tus
194 2859 419 2917 immanissimum
439 2874 518 2916 reum
532 2873 589 2916 non
606 2859 743 2916 communi
759 2866 919 2938 temporum
935 2860 1057 2938 invidia,
1083 2860 1131 2924 sed

128 2941 245 3015 proprio
265 2942 379 2999 crimine
401 2958 541 3017 urguere,
567 2959 630 3000 cum
650 2943 703 3000 iam
722 2943 790 3002 satis
808 2943 914 3021 primus
938 2943 990 3004 ille
1011 2946 1130 3025 impetus
1185 2972 1190 3025 ς

129 3019 328 3082 defremuisset
351 3033 379 3083 et
404 3022 561 3100 languidior
584 3025 613 3084 in
640 3024 702 3084 dies
728 3025 769 3084 ira
788 3024 822 3085 ad
842 3027 978 3087 iustitiam
998 3027 1129 3103 redisset,
1183 3028 1190 3097 ἐ

129 3120 294 3183 quamquam
308 3115 366 3166 turn
382 3107 501 3166 maxime
522 3108 611 3168 tristis
628 3109 730 3169 amissa
749 3126 840 3187 nuper
861 3126 973 3189 uxore,
997 3114 1080 3173 mitto
1097 3110 1131 3172 ad

127 3185 256 3247 Anteiam
271 3190 371 3268 (nupta
386 3188 457 3248 baec
472 3188 603 3250 Helvidio
615 3190 733 3268 fuerat),
749 3209 822 3269 rogo
837 3201 867 3252 ut
882 3195 990 3277 veniat,
1007 3197 1074 3274 quia
1088 3199 1161 3257 mebi

101 3275 230 3332 trecens
250 3271 342 3331 adbuc
359 3269 453 3333 luctus
470 3272 565 3334 limine
589 3274 755 3334 contineret.
788 3274 826 3334 Ut
840 3278 931 3354 venit,
948 3278 1130 3340 ‘destinatum

127 3359 184 3414 est’
200 3356 311 3433 inquam
326 3352 404 3412 ‘mihi
421 3359 547 3415 maritum
561 3365 638 3416 tuum
654 3373 710 3417 non
728 3356 845 3417 inultum
859 3362 925 3437 pati.
961 3359 1066 3423 Nuntia
1078 3363 1128 3423 Ar·

119 3436 181 3498 riae
200 3445 232 3498 et
250 3435 387 3498 Fanniae'
408 3437 460 3517 (ab
477 3439 564 3500 exilio
583 3439 757 3519 redierantl:
782 3442 915 3503 ‘consule
939 3452 988 3520 te,
1011 3445 1129 3508 consule
