2400 3840
320 195 587 258 EPISTULARUM
600 195 690 257 Vllll.
711 205 755 259 ιι.
770 207 871 262 naue.
959 215 966 222 ·
1037 196 1100 262 189

94 349 142 429 qui
160 366 216 428 per
229 347 325 408 lunam
336 351 365 408 in
380 367 487 410 summa
500 350 626 410 nituntur
640 358 759 427 quantos
770 348 882 410 soleant
899 351 1025 411 excitare
1042 350 1099 411 ola·
1157 413 1160 421 ,

94 450 208 509 mores,
232 449 296 492 oum
314 435 367 492 iam
388 435 498 532 iamque
521 435 613 494 oasuri
633 433 771 494 uidentur
806 432 876 494 Sunt
892 436 966 495 enim
980 437 1127 499 maximel

93 477 233 576 mirabilia
255 534 327 595 quae
345 518 463 578 maxime
489 519 645 616 insperata,
670 519 788 577 maxime
809 518 989 597 periculosa,
1011 528 1099 598 utque
1171 546 1179 556 ·

96 598 199 660 Graeci
215 601 305 678 magis
316 603 486 679 exprimunt,
500 595 683 681 παράβολα.
707 600 777 661 ldeo
795 620 972 701 nequaquam
986 621 1037 682 par
1049 621 1100 681 gu·

72 685 255 749 iberuatoris
271 693 316 744 est
330 687 429 762 virtus,
445 702 508 745 cum
521 685 633 764 placido
649 694 679 745 et
694 703 757 745 oum
769 685 881 745 turbato
892 703 960 745 man
953 685 1099 747 vehitur:

95 776 163 829 tune
180 767 335 828 admirante
353 767 432 828 nullo
453 767 610 829 inlaudatus
628 767 802 846 ingloriosus
820 769 897 830 subit
913 779 1040 849 portum;
1066 769 1101 829 ad

95 869 160 914 oum
171 851 292 912 stridunt
304 851 398 930 ludes,
416 861 547 913 curvatur
562 853 663 929 arbor,
677 853 871 931 gubernacula
885 862 1017 931 gemunt,
1033 863 1100 914 tune

94 935 145 995 ille
164 935 259 997 clarus
277 946 305 996 et
320 936 363 997 dis
379 938 462 997 maris
479 939 631 1013 proximus.
654 936 744 1014 Haeo,
761 938 827 1015 quia
841 939 919 998 visus
938 956 971 999 es
985 937 1052 996 mibi
1072 938 1126 1003 ins

95 1020 212 1097 seriptis
228 1021 300 1081 meis
315 1019 465 1081 adnotasse
480 1021 617 1099 quaedam
632 1031 662 1082 ut
676 1021 780 1082 tumida
798 1040 870 1100 quae
886 1038 943 1099 ego
959 1019 1099 1097 sublimia,

58 1108 126 1163 litut
140 1104 261 1183 inproba
277 1121 350 1182 quae
372 1122 427 1181 ego
442 1105 589 1182 audentia,
611 1116 642 1166 ut
661 1107 744 1166 nimia
764 1123 837 1184 quae
855 1123 911 1182 ego
927 1104 1012 1184 plena
1027 1105 1100 1164 arbi·

94 1188 198 1248 treber.
233 1186 383 1247 Plurimum
399 1197 493 1248 autem
512 1189 601 1249 refert
619 1189 855 1269 reprehendenda
872 1189 990 1251 adnotes
1011 1206 1045 1249 ιιι
1060 1190 1100 1247 in·

95 1271 197 1348 signia
221 1271 318 1332 Omnis
333 1274 405 1331 enim
420 1272 540 1333 advertit
554 1273 631 1352 quod
645 1275 750 1334 eminet
766 1282 795 1334 et
810 1282 901 1342 extat;
917 1272 970 1334 sed
984 1274 1042 1332 aori
1060 1274 1127 1340 ιιι-6

96 1355 222 1416 tentione
237 1354 445 1415 diiudicandum
467 1365 511 1415 est
532 1355 702 1417 inmodicum
723 1358 758 1417 sit
775 1374 809 1416 ιιι
824 1356 949 1435 grande,
965 1355 1050 1416 altum
1067 1373 1101 1415 ιιι

94 1455 223 1499 enorme.
251 1439 354 1518 Adque
371 1449 401 1498 ut
416 1438 569 1500 Homerum
583 1440 760 1519 potissimum
774 1441 917 1538 attingam,
937 1456 1021 1536 quem
1042 1448 1101 1498 tan·

57 1529 88 1584 15
97 1520 163 1582 dem
180 1521 370 1584 alterutram
362 1541 391 1583 ιιι
395 1533 516 1623 partem
529 1533 637 1623 potest
643 1523 745 1626 fugere
764 1513 849 1603 ἀμφὶ
866 1516 903 1582 δὲ
921 1515 1101 1620 σάλπιγξεν

96 1601 199 1705 μέγας
211 1598 371 1704 οὐρανάς·
384 1597 502 1707 ἠέηιιλ’
517 1606 612 1705 ἔγχος
624 1599 771 1670 ἐκέκλιτο
790 1617 819 1668 et
832 1615 920 1668 totum
935 1603 1004 1664 illud
1021 1596 1100 1666 οὔτε

96 1682 271 1769 θαλάσσης
289 1691 379 1771 κῦμα
397 1703 499 1752 τοσον
515 1685 623 1792 βοάᾳλ
649 1690 707 1753 Sed
729 1709 811 1792 opus
819 1699 865 1752 est
879 1691 1007 1751 examine
1023 1699 1052 1749 et
1067 1689 1101 1748 li·
1090 1698 1127 1756 -7

96 1774 164 1849 λιιι,
187 1774 300 1855 inquid,
325 1775 502 1836 incredibilia
523 1777 579 1837 sint
600 1776 672 1836 ha’ee
693 1785 723 1836 et
739 1776 828 1836 inania
848 1793 883 1834 an
904 1773 1051 1852 magnilica
1072 1783 1102 1834 et

97 1857 245 1919 eoelestia.
276 1857 340 1920 Nee
359 1877 434 1921 ιιιιιιο
453 1876 509 1937 ego
525 1877 571 1921 me
592 1860 635 1920 his
650 1859 750 1920 similia
770 1869 817 1920 aut
832 1858 937 1919 dixisse
952 1866 998 1918 aut
1012 1875 1101 1937 posse

57 1943 89 1998 it
98 1941 196 2003 dicere
209 1951 289 2021 puto.
317 1942 381 2003 Non
392 1946 431 2004 ita
447 1945 569 2022 insanio;
590 1945 643 2004 sed
656 1944 712 2003 boe
726 1942 856 2019 intellegi
872 1941 952 2018 volo,
966 1940 1101 2001 laxandos

97 2045 166 2095 esse
182 2026 362 2105 eloquentiae
379 2027 476 2088 frenos
489 2045 544 2087 neo
561 2028 761 2105 angustissimo
777 2043 850 2103 gyro
865 2026 1041 2102 ingeniorum
1051 2025 1102 2082 im-

96 2119 182 2190 petus
197 2110 406 2187 refringendos.
434 2109 479 2171 Ad
498 2113 571 2170 enim
585 2110 640 2171 alia
655 2109 779 2171 oondltio
793 2118 948 2184 oratorum,
963 2105 1018 2167 alia
1031 2112 1129 2186 poi-8

96 2205 196 2256 tarum.
218 2193 305 2268 Quasi
324 2193 447 2255 veroli.
465 2192 574 2256 Tullius
593 2195 684 2256 minus
705 2192 816 2253 audeat
838 2190 1012 2269 Quamquam
1027 2191 1102 2250 buno

98 2281 212 2341 omitto:
228 2281 409 2359 nequeenim
424 2279 528 2357 ambigi
542 2287 620 2357 puto
648 2277 707 2338 Sed
723 2276 960 2338 Demosthenes
952 2292 1033 2354 ipse,
1052 2272 1102 2334 ille

55 2368 195 2423 abnorme
213 2364 334 2424 oratoris
352 2373 381 2424 et
396 2362 512 2463 regula,
533 2381 599 2422 num
619 2380 654 2424 se
671 2360 787 2423 oohibet
808 2371 837 2422 ot
841 2359 1019 2459 conprimit,
1038 2375 1102 2419 oum

97 2447 167 2507 dicit
181 2449 330 2509 notissima
348 2447 396 2507 illa
412 2439 592 2548 ἅνθρωποι
610 2441 724 2527 μιαροὶ
741 2440 796 2507 καί
808 2437 949 2516 κόλακες
961 2403 1019 2504 καί
1026 2433 1102 2503 άλά·

96 2544 225 2631 στοοες,
238 2541 267 2592 et
280 2549 378 2593 rursus
394 2523 436 2593 ori
456 2522 590 2605 λίθοις’
578 2531 721 2629 ετείχισα
731 2521 794 2610 τὴν
806 2522 907 2592 πόλιν
918 2517 999 2589 odoi
1011 2525 1103 2588 πλίν·

97 2619 176 2687 θοις
187 2605 265 2693 ἐγώ,
274 2597 303 2676 et
314 2618 408 2677 statim
419 2606 483 2678 οὐκ
496 2607 532 2677 ἐκ
544 2608 605 2696 μὲν
616 2606 784 2715 θαλάττης
789 2634 856 2713 την
862 2603 1014 2693 Ενβοιαν
1025 2629 1104 2708 πηο-

98 2694 263 2800 βαλέσθαι
276 2691 340 2781 πρὸ
352 2701 411 2779 τῆς
424 2691 587 2799 Ἀττικηςς
609 2709 639 2761 et
652 2691 748 2760 alibi'
735 2719 801 2777 εγω
789 2690 857 2758 δὲ
874 2688 964 2794 οἶμαι
976 2678 1104 2773 ulmos

56 2773 166 2844 boo'ivd
167 2802 223 2863 ρες
233 2773 419 2863 Ἀθηναῖοι,
431 2803 475 2862 νη
485 2803 566 2856 τονς
576 2775 681 2855 θεονς
693 2773 825 2843 ἐκεῖνον
836 2771 980 2860 μεθύειν
991 2776 1037 2836 roi
1048 2794 1102 2854 με·

98 2863 194 2946 yades
211 2867 280 2926 noio
297 2828 562 3008 πεπηαγμένοινῗλ
583 2866 642 2926 lam
656 2863 723 2945 quid
736 2863 885 2925 audentius
900 2860 951 2921 illo
969 2837 1103 2940 pulcher·
1111 2865 1129 2920 9

98 2953 170 3011 rimo
186 2968 311 3012 excessu
326 2945 457 3049 νόσημα
468 2941 553 3049 ηάηιλ
576 2948 650 3023 Quid
665 2949 748 3024 haee,
762 2947 893 3007 breviora
907 2942 1103 3046 superioribus

99 3034 280 3096 sedaudaoia
295 3031 392 3114 paria?
413 3026 487 3096 τότε
505 3023 575 3133 ἕνα
559 3026 699 3133 μὲν
668 3032 713 3092 τῶ
731 3022 878 3091 Πύθωνι
893 3023 1103 3126 θρασυνομέ-

99 3137 149 3216 ugr
167 3112 223 3179 καὶ
240 3119 351 3180 πολλῶ
367 3113 477 3200 ῥέοντι
493 3107 575 3179 καθ’
595 3093 710 3214 ὑμῶν
726 3103 1104 3175 Ειιοιιίοιιιιιοιιὸιανδὲ
1155 3150 1158 3157 -

58 3211 91 3266 35
102 3179 139 3263 ἑά
159 3181 349 3275 πλεονεξίας
364 3197 419 3262 καὶ
436 3200 598 3300 πονηρίας
615 3219 664 3272 τις
682 3190 795 3277 ὥσπερ
813 3181 912 3269 οὗτος
929 3185 1099 3296 ίσχάση,
1082 3215 1102 3273 η

101 3280 215 3367 πρώτη
233 3278 401 3367 πρόφασις
419 3282 474 3346 καὶ
491 3279 614 3384 μικρὸν
631 3289 786 3384 πταῖσμα.
793 3273 901 3342 πάνια
918 3271 1104 3378 ἀνεχαίτισε

101 3366 156 3430 καί
168 3366 312 3431 ὃιέλνσε.
335 3369 436 3430 Simile
448 3369 494 3430 bis
510 3359 805 3467 ἀπεσχοινισμένος
819 3355 922 3426 άπασι
935 3369 1003 3434 τοϊς
1016 3351 1053 3424 ἐν
1064 3359 1104 3443 τῇ

102 3448 197 3514 πόλει
210 3450 352 3525 δικαίοις
368 3463 398 3514 et
413 3452 518 3514 ibidem
531 3444 574 3513 σι)
586 3443 647 3511 τὸν
658 3448 704 3524 είς
714 3447 818 3511 ταῦτα
831 3447 926 3510 ἔλεον
938 3424 1104 3528 προδέδω-
