2400 3840
99 195 163 262 212
403 187 438 252 0.
458 184 556 252 tttru
575 184 624 249 El
644 178 802 245 TRAIANl

478 339 536 401 ιιι.
560 333 720 418 [muru]

438 437 605 491 TRAIANUS
621 434 728 488 PLINIO
744 433 770 489 S.

77 552 92 604 1
165 529 240 603 Quid
256 536 387 609 oporteat
409 527 470 587 beri
490 527 568 587 circa
588 522 727 585 theatrum
749 518 824 599 quod
850 516 1015 581 inchoatum
1034 515 1109 597 apud

101 611 279 675 Nicaeenses
300 622 345 674 est
366 613 394 671 in
414 629 446 671 re
470 609 614 689 praesenti
635 606 742 685 optime
764 602 939 665 deliberabis
956 610 986 663 et
1005 603 1109 663 consti·

102 708 176 760 tues.
210 697 278 757 blibi
297 696 422 758 subiiciet
438 694 554 754 iudicari
576 692 621 752 cui
642 690 801 751 sententiae
821 687 997 748 accesseris.
1030 684 1133 745 Tuuct

102 791 227 843 autema
244 784 360 860 privatis
372 779 449 857 exigi
465 794 553 856 opera
569 775 620 836 tibi
640 790 725 834 curae
740 775 789 851 sit,
806 788 871 832 cum
879 770 1031 846 theatrum
1043 787 1108 848 pro·

77 876 168 946 apter
184 866 260 946 quod
280 865 329 925 illa
349 864 489 942 promissa
506 869 587 938 sunt,
611 858 716 918 iactum
737 857 801 916 erit.
836 852 998 930 Gymnasiis
1018 852 1109 913 indul-

104 960 175 1029 gent
195 948 343 1016 Graeculis
366 947 433 1007 ideo
454 945 572 1007 forsitan
595 941 772 1004 Nicaeenses
795 940 903 999 maiore
926 939 1021 998 animo
1044 953 1110 997 con·

104 1035 290 1094 structionem
310 1033 373 1092 eius
396 1028 526 1107 adgressi
544 1036 624 1088 sunt:
647 1024 700 1088 sed
720 1032 835 1104 oportet
853 1021 922 1083 illos
940 1040 977 1082 eo
994 1031 1111 1082 conten·

77 1125 149 1185 atos
164 1134 232 1176 esse
249 1113 324 1194 quod
338 1114 431 1194 possit
442 1112 484 1171 illi
497 1111 643 1172 sufficere.
673 1107 745 1182 Quid
766 1105 1020 1186 Claudiopolitanis
1036 1107 1111 1166 cirea
1120 1104 1151 1157 1⁰

104 1198 265 1277 balineum,
284 1198 361 1278 quod
376 1213 492 1276 parum,
508 1205 539 1256 ut
554 1195 674 1272 scribis,
692 1193 796 1253 idoneo
810 1191 878 1252 loco
893 1189 1109 1266 inchoaverunt,

105 1281 277 1343 suadendum
297 1285 334 1345 sit
352 1292 381 1343 tu
403 1282 570 1342 constitues.
599 1278 757 1339 Architecti
777 1277 829 1337 tibi
851 1276 957 1336 deesse
973 1291 1031 1335 non
1045 1292 1112 1353 pos·

105 1377 181 1428 sunt.
212 1366 297 1428 Nulla
319 1367 465 1446 provincia
486 1374 532 1426 est
546 1381 619 1442 quae
634 1378 692 1422 non
704 1363 816 1441 peritus
833 1369 862 1421 et
876 1361 1046 1438 ingeniosos
1061 1358 1112 1419 bo·

104 1452 195 1512 mines
210 1451 328 1521 babeat;
350 1450 436 1512 modo
456 1469 493 1511 ne
515 1449 663 1510 existimes
677 1446 793 1506 brevius
806 1463 875 1506 esse
890 1444 927 1505 ab
941 1445 1014 1505 urbe
1028 1444 1110 1521 mitti,

107 1553 170 1595 cum
185 1554 222 1595 ex
237 1533 355 1596 Graecia
374 1536 458 1596 etiam
474 1532 510 1594 ad
526 1550 579 1593 nos
592 1532 692 1591 venire
708 1528 786 1589 soliti
802 1530 868 1590 sint.
1121 1518 1151 1573 lt

535 1643 608 1706 xbl.
643 1644 674 1705 t.

329 1745 357 1796 c.
374 1744 500 1798 ausurus
517 1647 663 1797 ramardo
676 1646 893 1796 lrtrrmrmuoar.

83 1855 99 1908 1
170 1845 293 1908 Intuenti
307 1847 375 1906 mibi
390 1857 419 1908 et
434 1847 563 1908 lortunae
584 1857 650 1909 tuae
671 1857 700 1908 et
714 1847 796 1907 animi
811 1843 1032 1924 magnitudinem
1048 1860 1113 1903 con·

106 1932 349 1993 venientissimum
363 1931 476 1993 videtur
497 1931 683 1994 demonstrari
704 1948 793 2011 opera
811 1947 868 1990 non
886 1930 977 1988 minus
992 1929 1154 1988 aeterni-ao

18 2080 28 2100 .
106 2024 165 2077 tate
183 2026 230 2077 tua
252 2034 335 2096 quam
351 2015 443 2095 gloria
464 2016 548 2094 digna
571 2025 761 2095 quantumque
776 2012 995 2095 pulchritudiuis
1010 2021 1115 2072 tantum

81 2100 234 2162 butilitatis
254 2100 391 2162 habitura.
427 2099 481 2161 llst
499 2102 528 2160 in
543 2099 793 2161 Nicomedensium
807 2098 909 2159 fluibus
924 2094 1115 2176 amplissimus

108 2184 202 2245 lacus:
219 2202 273 2264 per
287 2184 363 2246 bunc
380 2202 517 2245 marmora
532 2184 642 2246 tructus
655 2184 733 2263 ligna
744 2183 878 2245 materiae
890 2191 920 2242 et
931 2189 1047 2259 sumptu
1056 2195 1115 2240 mo·

108 2267 173 2328 dico
192 2278 221 2329 et
242 2268 342 2329 labore
369 2287 461 2347 usque
485 2267 520 2328 ad
539 2270 614 2329 uiam
633 2270 769 2346 navibus,
793 2265 860 2328 inde
879 2282 983 2344 magno
1004 2265 1114 2339 labore,

108 2354 215 2411 maiore
230 2352 365 2429 inpendio
382 2351 522 2413 vehiculis
537 2352 573 2412 ad
586 2371 664 2413 mare
675 2351 852 2414 devehuntur
853 2391 949 2409 .....
965 2347 1030 2410 lloc
1042 2354 1153 2427 opustt

108 2434 210 2492 multas
233 2451 330 2496 manus
350 2439 462 2515 poscit:
488 2445 517 2495 at
538 2453 590 2496 eae
610 2453 698 2514 porro
717 2453 775 2497 non
794 2435 907 2497 desunt.
945 2431 1019 2494 Nam
1038 2441 1069 2493 et
1088 2434 1116 2491 in

109 2516 185 2592 agris
206 2532 307 2593 magna
331 2520 416 2595 copia
436 2527 481 2578 est
496 2518 640 2579 hominum
655 2530 685 2580 et
700 2521 817 2580 maxima
829 2520 859 2578 in
875 2518 1009 2595 civitate,
1026 2525 1116 2577 certa·

109 2616 165 2679 que
186 2615 254 2677 spes
279 2615 377 2661 omues
397 2600 586 2662 libentissime
605 2603 794 2681 adgressuros
817 2620 890 2682 opus
913 2601 1045 2663 omnibus
1060 2600 1117 2660 iru-

82 2690 248 2745 ectuosum.
284 2684 425 2763 Superest
447 2693 478 2745 ιιι
493 2694 524 2745 tu
545 2684 710 2747 libratorem
730 2686 777 2748 vel
798 2687 1001 2761 architectum,
1025 2686 1050 2747 si
1067 2683 1118 2745 tibi

109 2769 262 2846 videbitur,
277 2771 370 2830 mittas
387 2771 435 2849 qui
449 2768 603 2849 diligenter
616 2772 750 2851 exploret
764 2772 838 2832 sitne
849 2769 929 2831 lacus
941 2769 1026 2829 albor
1036 2769 1115 2845 mari,
1126 2777 1157 2834 st

109 2871 194 2931 quem
209 2855 332 2914 artifices
349 2855 475 2932 regionis
488 2854 571 2917 buius
587 2856 769 2935 quadraginta
783 2855 886 2915 cubitis
902 2852 1034 2916 altiorem
1049 2869 1117 2913 esse

23 2956 26 2961 ⁴
84 2937 294 2998 acontendunt.
328 2936 393 3016 Ego
415 2956 468 3016 per
486 2940 585 3000 eadem
603 2939 668 3001 loca
681 2940 796 3000 invenio
812 2937 921 3000 iussam
934 2954 952 2998 a
964 2954 1039 3016 rege
1052 2954 1118 3016 per·

112 3036 239 3079 cussam:
261 3021 313 3081 sed
327 3023 466 3082 incertum
487 3033 579 3091 utrum
596 3022 631 3083 ad
647 3022 838 3102 colligendum
853 3038 981 3082 umorem
999 3023 1117 3081 circum·

110 3103 261 3162 iacentium
271 3122 403 3181 agrorum
411 3124 447 3167 au
457 3106 493 3166 ad
505 3106 733 3169 committendum
744 3106 848 3166 flumini
858 3105 964 3167 lacum.
978 3104 1034 3167 Est
1045 3106 1119 3166 enim

110 3184 282 3265 inperfecta
303 3188 360 3248 boc
372 3205 487 3269 quoque
499 3190 630 3267 dubium,
643 3192 804 3267 intercepto
815 3208 887 3268 rege
899 3188 1073 3250 mortalitate
1084 3192 1159 3249 andi

86 3270 269 3349 edesperato
288 3274 385 3350 operis
402 3274 519 3335 ellectu.
554 3272 612 3333 Sed
622 3272 681 3335 boc
695 3275 761 3352 ipso
773 3274 867 3353 (ieras
881 3275 957 3334 enim
970 3291 1017 3334 me
1032 3273 1120 3333 ambi·

112 3357 217 3416 tiosum
234 3371 287 3435 pro
300 3364 347 3417 tua
362 3355 470 3436 gloria)
491 3359 593 3420 iacitur
613 3367 643 3419 et
657 3357 801 3419 accendor
814 3367 845 3419 ut
860 3359 973 3438 cupiam
987 3359 1090 3437 peragi
1105 3372 1121 3416 a

112 3447 142 3498 te
158 3457 231 3518 quae
247 3450 354 3502 tantum
369 3451 525 3520 coeperant
538 3461 637 3521 reges.
