2400 3840
188 81 251 147 134
609 79 642 139 Ο.
665 77 761 138 PLlNl

187 231 336 296 admodum
352 232 497 311 coeperim
511 231 651 308 scribere,
667 231 763 309 bomo,
779 240 809 291 ut
824 231 874 291 tibi
888 231 1000 310 videor,
1013 251 1097 294 sever

165 319 252 397 aipse
267 316 369 391 fatcor,
384 330 441 375 non
456 317 577 393 ineptus.
605 314 762 393 Numquam
777 333 793 374 a
806 317 923 393 poe'ticc
940 316 1042 393 (altius
1060 335 1096 376 cn

190 399 300 480 petam)
330 399 438 459 alienus
465 398 522 468 iui;
547 400 720 476 quinetiam
745 397 971 476 quattuordecim
996 409 1080 461 natus

190 483 326 544 Graecam
339 482 512 561 tragoediam
527 484 638 561 scripsi.
662 479 801 555 Qualem?
817 484 919 562 inquis.
930 482 1067 552 Nescio:
1082 493 1097 543 n

155 578 174 634 ³
190 568 234 629 diu
247 567 409 628 vocabatur.
432 566 510 644 llox,
527 584 591 625 cum
607 584 623 625 e
636 565 733 626 militia
745 565 864 627 rediens
878 569 907 626 in
919 565 1011 627 Icaria
1022 567 1097 628 insul

189 656 226 714 tis
241 651 400 727 detinerer,
421 650 534 711 Latinos
554 648 655 728 elegos
668 652 695 708 in
710 648 780 708 illud
794 651 887 727 ipsum
901 668 979 710 mare
991 654 1097 730 ipsamq

191 737 281 799 sulam
295 737 362 796 ieci.
382 734 525 814 Expertus
540 751 602 793 sum
616 751 661 792 me
675 732 825 811 aliquando
840 742 869 793 et
879 733 987 812 heroo,
1003 735 1097 796 hende

190 821 264 882 labis
278 836 353 880 nunc
368 820 498 897 primum,
514 833 633 894 quorum
647 816 693 876 hic
708 817 818 893 natalis,
830 816 901 877 haec
918 835 1005 878 causa
1020 829 1076 878 est.

187 905 288 965 bantur
299 906 327 961 in
344 901 510 960 Laurentino
525 899 590 958 mihi
610 900 674 959 libri
688 901 768 960 Asini
784 899 857 960 Galli
872 901 907 960 dc
926 905 1097 979 conparatio

187 991 280 1047 tricet
293 982 454 1045 Ciceronis:
467 983 562 1042 incidit
573 986 745 1060 epigramma
757 982 904 1045 Ciceronis
917 986 946 1045 in
957 984 1093 1046 Tironem

158 1069 278 1147 4Dein,
295 1085 358 1128 crnn
375 1067 493 1128 meridie
510 1067 586 1146 (erat
605 1070 678 1127 enim
695 1068 805 1147 aestas)
822 1067 992 1128 dormiturus
1006 1088 1053 1130 me
1067 1091 1097 1132 re

187 1172 248 1214 sem
262 1171 318 1213 nec
333 1151 489 1230 obreperet
504 1168 634 1228 somnus,
658 1154 743 1231 coepi
760 1161 892 1231 reputare
912 1156 1051 1215 maximos
1066 1173 1097 1215 or

187 1239 243 1299 hoc
259 1234 343 1298 studii
358 1254 449 1315 genus
462 1244 491 1296 et
505 1237 534 1295 in
548 1235 786 1296 oblectationibus
803 1235 936 1296 babuisse
952 1245 982 1296 et
997 1241 1025 1297 in
1040 1237 1097 1299 laur

161 1326 292 1388 senisse.
327 1318 437 1382 Intendi
456 1321 575 1382 animum
593 1329 747 1398 contraque
763 1322 925 1398 opinionem
939 1337 1032 1380 meam
1047 1342 1097 1402 por

187 1426 252 1485 gam
263 1404 479 1468 desuetudinem
490 1421 626 1484 perquam
638 1404 741 1481 exiguo
753 1405 891 1481 temporis
903 1415 1050 1465 momento
1062 1408 1092 1467 id

96 1479 107 1494 '
188 1491 265 1569 quod
279 1509 324 1550 mc
336 1489 371 1549 ad
382 1487 563 1548 scribendum
575 1486 778 1547 sollicitaverat
792 1487 836 1547 bis
851 1489 983 1548 versibus
1002 1508 1097 1550 exarat

158 1585 175 1639 6
272 1571 343 1631 Cum
354 1570 443 1631 libros
460 1569 534 1629 Galli
548 1569 685 1646 legerem,
704 1571 805 1648 quibus
821 1570 870 1631 ille
887 1575 998 1649 parenti

271 1672 356 1714 ausus
372 1653 407 1713 dc
422 1651 562 1714 Cicerone
579 1653 646 1713 dare
660 1661 703 1712 est
716 1654 893 1733 palmamque
905 1654 1066 1735 decusque,

270 1734 407 1796 lascivum
419 1738 515 1796 inveni
526 1735 618 1796 lusum
634 1735 783 1797 Ciceronis
798 1746 827 1797 et
839 1737 888 1797 illo

271 1817 455 1900 spectandmn
466 1823 591 1899 ingenio,
609 1838 665 1899 quo
678 1823 751 1881 scria
764 1821 888 1880 condidit
903 1831 932 1881 et
947 1841 1004 1901 quo

270 1905 397 1966 humanis
412 1905 518 1973 salibus
533 1904 620 1964 multo
638 1907 774 1982 varioque
790 1904 892 1983 lepore

270 2007 434 2068 magnorum
446 1989 569 2051 ostendit
581 1998 691 2048 mentes
702 1987 827 2067 gaudere
839 1990 974 2048 virorum.

271 2092 334 2134 nam
348 2077 475 2151 queritur
490 2072 566 2151 quod
580 2073 680 2132 fraude
695 2071 766 2130 mala
780 2071 930 2131 frustratus
946 2085 1085 2134 amantem

271 2156 392 2233 paucula
407 2166 506 2214 cenato
519 2155 573 2215 sibi
590 2153 682 2214 debita
697 2157 773 2214 savia
785 2153 851 2214 Tiro

268 2250 400 2315 tempore
412 2246 551 2297 nocturno
568 2237 746 2297 subtraxerit.
767 2239 812 2298 his
827 2255 885 2315 ego
900 2238 995 2316 lectis,

271 2338 321 2378 cur
335 2320 495 2397 posthaec,
511 2323 634 2400 inquam,
649 2330 762 2381 nostros
779 2321 902 2382 celamus
914 2341 1038 2402 amores,

270 2400 436 2482 nullumque
450 2406 478 2463 in
492 2403 613 2464 medium
630 2405 716 2465 timidi
732 2405 840 2484 damus,
853 2406 945 2484 adque
960 2407 1083 2468 latemur

270 2485 440 2566 Tironisque
451 2487 545 2566 dolos,
562 2487 673 2549 Tironis
688 2507 775 2549 nosse
795 2489 914 2566 fugaces

270 2569 418 2633 blanditias
438 2580 467 2631 ot
482 2573 554 2632 furta
569 2589 658 2633 novas
673 2571 804 2634 addentia
817 2571 961 2633 flammas?

161 2656 295 2719 i'l'ransii
317 2657 351 2717 ad
366 2656 482 2736 elegos;
501 2657 555 2717 hos
574 2674 687 2737 quoque
709 2675 766 2717 non
782 2659 873 2716 minus
895 2657 1032 2717 celeriter
1053 2675 1097 2736 cx}

187 2741 279 2802 addidi
294 2742 381 2820 alios,
408 2741 541 2802 facilitate
564 2750 722 2820 corruptus.
756 2740 868 2801 Deinde
883 2741 911 2799 in
930 2741 1031 2801 urbem
1045 2760 1096 2801 rev

161 2823 332 2886 &sodalibus
344 2825 411 2902 legi.
435 2825 636 2885 Probaverunt.
656 2824 725 2885 lnde
738 2824 818 2903 plura
830 2831 929 2900 metra,
943 2827 966 2884 si
984 2826 1050 2903 quid
1063 2828 1097 2885 oti

185 2908 260 2965 xime
276 2909 304 2966 in
319 2910 420 2966 itinere
434 2909 580 2987 temptavi.
612 2908 758 2968 Postremo
774 2908 880 2988 placuit
895 2908 1029 2986 exemplo
1042 2909 1097 2967 mul

187 3006 271 3047 unum
293 2993 444 3069 separatim
466 2989 769 3066 hendecasyllaborum
788 2991 920 3051 volumen
941 2991 1095 3052 absolvere

159 3073 320 3151 9paenitet.
342 3070 468 3151 Legitur,
486 3073 664 3149 describitur,
680 3079 908 3154 contumetiam,
923 3087 952 3137 et
966 3075 1097 3136 aGraecir

187 3174 261 3235 que,
282 3172 354 3236 quos
368 3154 463 3216 latine
482 3157 564 3217 huius
582 3156 673 3218 libelli
687 3174 764 3216 amor
779 3157 890 3237 docuit,
907 3178 980 3218 nunc
996 3160 1097 3220 cithara

145 3249 179 3300 10
187 3237 248 3312 lyra
260 3248 436 3318 personatur.
470 3240 527 3301 Sed
540 3241 607 3321 quid
622 3257 677 3319 ego
691 3247 746 3300 tam
758 3240 907 3318 gloriose?
929 3242 1097 3321 Quamquam

188 3323 225 3382 tis
236 3322 331 3384 iurerc
345 3341 514 3384 concessum
526 3335 583 3390 cst:
606 3334 635 3384 et
651 3334 742 3384 tamen
756 3325 860 3386 nonde
875 3344 939 3386 meo
955 3327 1007 3387 sed
1022 3327 1097 3388 deal

56 3440 230 3520 A
