2400 3840
368 191 633 254 EPISTULARUM
647 191 723 253 vltt.
745 202 788 256 18.
804 202 846 257 19.
1048 193 1110 256 169

104 341 183 404 illius
199 345 356 423 asperitas,
373 344 442 404 mira
456 342 579 404 felicitas
593 343 708 404 borum:
728 344 804 405 illius
819 347 975 422 asperitas,
997 349 1043 423 qui
1059 365 1108 406 nu·

104 444 186 487 mero
203 429 305 488 civium
319 428 425 489 excidit
440 445 524 507 quem
538 428 647 487 socium
662 429 745 488 etiam
759 430 787 487 in
804 427 902 488 liberis
916 428 1012 489 habuit
1020 451 1027 499 ;
1044 430 1107 489 ieli-

107 513 177 571 citas
192 511 309 589 horum,
335 511 437 589 quibus
451 512 595 572 successit
609 513 637 589 in
651 510 746 571 locum
758 513 845 591 patris
858 514 905 590 qui
920 522 1029 592 patrem
1043 515 1107 575 abs·

105 594 216 655 tulerat.
250 594 308 655 Sed
325 596 398 656 haec
413 613 528 675 quoque
543 594 685 656 hereditas
701 594 762 654 atri
776 605 806 656 ut
820 596 928 675 reliqua
944 614 1006 655 cum
1021 597 1130 660 iratre‘l

81 680 236 758 squaestta
248 679 460 740 transmittenda
475 688 554 740 erant
568 678 642 738 filiae
657 678 761 757 fratris,
778 697 794 738 a
810 697 866 758 quo
881 679 980 741 Tullus
995 699 1032 740 ex
1042 698 1108 743 asse

103 763 191 823 heres
212 763 356 823 institutus
377 762 578 842 praelatusque
604 760 678 822 filiae
702 762 811 840 iuerat,
842 773 872 823 ut
898 763 1108 825 conciliaretur.

104 845 169 920 Quo
185 845 352 908 laudabilius
368 854 566 907 testamentum
577 856 634 922 est,
650 846 726 925 quod
741 846 832 924 pietas
848 845 919 907 fides
931 846 1024 924 pudor
1038 850 1108 908 scri-

103 930 172 1009 psit,
184 931 212 989 in
229 947 284 1008 quo
300 930 422 1010 denique
443 929 570 991 omnibus
585 929 772 991 adfinitatibus
786 948 838 1009 pro
858 931 995 1009 cuiusque
1011 930 1108 992 cilicio

104 1015 194 1091 gratia
209 1014 297 1074 relata
311 1023 372 1092 cst,
387 1013 476 1074 relata
491 1023 521 1074 et
536 1014 628 1074 uxori.
649 1012 772 1093 Accepit
786 1015 997 1074 amoenissimas
1012 1013 1132 1094 villas‚8

65 1115 97 1167 10
105 1099 219 1176 accepit
231 1116 359 1175 magnam
370 1101 518 1176 pecuniam
533 1114 605 1158 uxor
615 1098 720 1176 optima
732 1106 761 1157 et
772 1099 974 1176 patientissima
985 1115 1018 1157 ac
1030 1107 1108 1160 tanto

104 1180 208 1241 melius
224 1180 260 1240 de
280 1183 341 1242 viro
358 1184 473 1259 merita,
490 1183 696 1260 quantomagis
713 1190 758 1242 est
773 1181 949 1260 reprehensa
963 1181 1038 1260 quod
1058 1201 1108 1243 nu·

104 1266 171 1345 psit.
192 1262 262 1325 Nam
279 1264 381 1324 mulier
394 1265 532 1327 natalibus
546 1264 637 1343 clara,
653 1264 777 1324 moribus
793 1265 897 1344 proba,
912 1274 1005 1325 aetate
1020 1265 1108 1326 decli·

104 1349 161 1427 vis,
174 1347 221 1408 diu
233 1348 334 1427 vidua,
350 1359 440 1410 mater
456 1348 542 1427 olim,
557 1365 655 1428 parum
669 1348 776 1409 decore
793 1358 893 1408 secuta
906 1351 1108 1409 matrimonium

104 1432 254 1493 ridebatur
271 1432 364 1494 divitis
379 1436 474 1510 senis,
490 1434 527 1492 ita
541 1431 643 1510 perditi
658 1431 757 1491 morbo
774 1441 804 1490 ut
819 1449 886 1492 esse
902 1431 995 1491 taedio
1008 1435 1108 1509 pos‘set

64 1525 95 1578 15
104 1517 189 1577 uxori
203 1533 286 1595 quarn
301 1518 412 1578 iuvenis
426 1534 569 1593 sanusque
585 1515 723 1575 duxisset.
750 1513 863 1593 Quippe
882 1515 1011 1576 omnibus
1022 1529 1133 1584 mem-9

105 1599 165 1660 bris
185 1609 314 1662 extortus
333 1612 362 1662 et
383 1601 596 1661 iractustantas
618 1616 690 1677 opes
711 1597 782 1659 solis
801 1597 893 1660 oculis
910 1599 1007 1660 obibat
1021 1617 1055 1659 ac
1071 1619 1108 1659 ne

103 1685 132 1743 in
147 1682 257 1744 lectulo
273 1684 386 1764 quidem
399 1685 453 1745 nisi
468 1684 504 1744 ab
519 1682 581 1744 aliis
596 1681 770 1742 movebatur.
793 1681 867 1755 Quin
882 1685 965 1743 etiam
977 1682 1109 1762 (ioedum

102 1767 351 1846 miserandumque
372 1768 464 1846 dictu)
488 1768 588 1828 dentes
608 1765 743 1826 lavandos
764 1766 965 1844 fricandosque
988 1767 1108 1846 praebe·

103 1850 161 1911 bat.
181 1850 315 1912 Auditum
328 1851 494 1932 frequenter
509 1852 634 1929 meipso,
653 1869 715 1910 cum
730 1860 899 1928 quereretur
914 1851 950 1910 de
964 1861 1108 1912 contume-

62 1934 149 2000 toliis
160 1933 313 1995 debilitatis
323 1954 402 2014 suae,
416 1935 519 2012 digitos
535 1953 567 1994 sc
580 1951 728 1995 servorum
739 1952 854 1994 suorum
866 1933 971 1995 cotidie
987 1934 1106 2011 lingere.

103 2018 227 2078 Vivebat
240 2028 334 2079 tamen
351 2029 380 2081 et
394 2021 492 2079 vivere
512 2017 639 2094 volebat,
661 2026 836 2078 sustentante
861 2018 980 2078 maxime
1006 2032 1151 2095 uxore,10

104 2120 178 2181 quae
195 2101 307 2181 culpam
321 2103 445 2163 inchoati
460 2102 625 2161 matrimonii
639 2102 667 2158 in
681 2100 801 2178 gloriam
815 2103 1028 2180 perseverantia
1043 2120 1107 2160 ver·

103 2195 186 2246 terat.
223 2185 318 2247 Habes
340 2203 437 2246 omnes
458 2185 567 2245 fabulas
589 2185 681 2244 urbis:
707 2202 770 2243 nam
790 2194 854 2243 sunt
876 2201 975 2245 omnes
996 2182 1107 2245 labulae
1119 2198 1151 2250 11

15 2329 20 2341 ,
104 2268 214 2329 Tullus.
230 2267 422 2349 Exspectatur
431 2271 534 2330 auctio.
556 2267 621 2327 Fuit
629 2269 702 2327 enim
713 2278 770 2327 tam
782 2269 918 2347 copiosus
927 2277 956 2327 ut
969 2267 1108 2347 amplissi-

60 2367 167 2420 25mos
182 2353 282 2413 hortos
298 2353 400 2414 eodem
417 2371 473 2432 quo
489 2361 596 2413 emerat
614 2351 659 2411 die
674 2353 836 2413 instruxerit
851 2351 977 2431 plurimis
993 2362 1022 2414 et
1038 2353 1107 2412 anti·

103 2437 248 2515 quissimis
264 2439 372 2498 statuis.
403 2436 580 2516 Tantumqilli
595 2435 848 2513 pulcherrimomm
866 2454 984 2515 operum
997 2438 1026 2497 in
1042 2436 1109 2497 bor»

102 2523 179 2598 reis,
202 2538 273 2599 quae
294 2521 477 2600 neglegebat.
507 2519 632 2581 invicem
652 2528 693 2597 tu,
717 2520 826 2599 siquid
847 2523 912 2581 istic
930 2520 1052 2599 epistula
1067 2519 1107 2578 di·

104 2621 203 2681 gnum,
214 2623 251 2664 ne
262 2622 390 2682 gravare.
412 2604 483 2665 Nam
496 2622 559 2665 cum
569 2621 653 2664 aures
664 2603 807 2663 hominurn
817 2606 942 2665 novitate
958 2604 1151 2681 laetantur,1a

104 2697 164 2748 tum
179 2687 214 2747 ad
229 2689 365 2749 rationem
379 2691 454 2750 vitae
472 2687 612 2766 exemplis
628 2688 778 2747 erudimur.
809 2688 889 2748 Vale.

59 2785 96 2840 ³⁰
545 2815 662 2876 xuni.

384 2915 410 2964 G.
429 2915 554 2966 PLINIUS
573 2913 706 2965 MAXIMO
725 2912 784 2964 SUO
804 2913 830 2965 S.

166 3014 205 3075 Et
220 3014 351 3092 gaudium
371 3015 437 3074 mihi
454 3025 483 3075 et
498 3016 636 3076 solacium
650 3018 678 3075 in
693 3015 812 3090 litteris,
834 3011 960 3090 nihilque
979 3020 1034 3071 tam
1051 3011 1134 3077 lae-1

103 3110 163 3161 trun
184 3099 262 3177 quod
282 3099 326 3159 his
348 3098 467 3176 laetius,
491 3109 546 3160 tam
565 3103 646 3161 triste
669 3098 745 3178 quod
763 3115 820 3157 non
837 3114 890 3175 per
902 3095 952 3156 has
968 3096 1004 3156 sit
1017 3097 1108 3156 minus

60 3185 197 3248 datriste.
230 3182 333 3261 ltaque
354 3193 384 3242 et
398 3184 556 3244 infirmitate
573 3185 668 3244 uxoris
686 3193 714 3243 et
730 3197 856 3241 meorum
874 3179 1021 3260 periculo,
1039 3195 1108 3257 quo·

104 3267 221 3327 rundam
243 3284 313 3326 vero
335 3268 419 3327 etiam
439 3276 531 3327 morte
554 3267 698 3344 turbatus,
720 3265 754 3325 ad
774 3267 887 3324 unicum
904 3261 1010 3323 doloris
1031 3260 1108 3322 leva·

106 3359 230 3411 mentum
251 3349 342 3410 studia
363 3349 496 3429 coniugi,
520 3368 593 3429 quae
616 3357 759 3426 praestant
779 3357 810 3408 ut
830 3346 949 3408 adversa
965 3346 1054 3422 magis
1067 3345 1108 3404 in·

106 3434 254 3514 tebergam,
266 3432 320 3495 scd
332 3435 484 3514 patientius
497 3433 596 3494 ieram.
617 3431 672 3495 Est
682 3440 781 3494 autem
786 3431 962 3492 uilriumor'xs
971 3427 1163 3504 sponsum
