2400 3840
114 164 176 229 140
539 158 572 221 G.
594 157 692 221 PLlNl

113 313 194 374 nellia
210 315 277 373 iura.
299 312 422 374 Possunt
440 329 511 390 ergo
527 312 630 373 intueri
644 310 793 372 utilitatem
810 326 900 388 suam,
916 325 969 389 pro
987 306 1108 387 quamihi

114 397 167 457 iuit
180 397 310 456 amicitia.
345 397 426 457 Vale.

578 525 643 588 xil.

396 628 423 680 e.
444 625 569 679 PLtltltts
587 624 707 677 umnam
727 623 787 675 suo
807 623 832 674 e.
1117 648 1129 696 5
1190 656 1194 669 ,

87 741 100 793 1
178 729 317 792 Libellum
333 731 481 791 formatum
495 745 511 788 a
524 746 581 805 me,
598 729 673 788 siout
684 743 835 804 exegeras,
854 741 912 803 quo
924 725 1033 785 amicus
1043 732 1112 800 tuas,

117 817 201 875 immo
218 825 317 876 noster
333 813 414 912 (quid
429 815 503 873 enim
518 828 575 872 non
588 828 726 871 conmune
741 805 881 887 nobiti),
902 810 929 870 si
950 826 999 869 res
1017 824 1112 887 poste·

116 909 171 976 ret,
188 908 326 974 uteretur,
344 899 405 956 misi
421 898 471 955 tibi
482 895 547 955 ideo
559 895 676 973 tardius,
691 913 728 954 ne
739 902 851 971 tempus
865 890 1034 953 emendandi
1045 907 1113 966 eum,
1191 886 1194 897 '

91 983 145 1046 aid
161 992 206 1042 est
221 979 402 1060 disperdendi
418 979 551 1040 haberes.
572 977 698 1074 Habebis
715 987 825 1053 tamen,
840 993 875 1035 an
889 973 1059 1036 emendandi
1070 991 1114 1033 ne·

118 1067 192 1140 seio,
209 1066 307 1141 utique
324 1061 516 1140 disperdendi.
533 1053 640 1140 Ὑμεῖς
652 1050 715 1141 γὰρ
728 1058 762 1121 oi
772 1051 903 1138 amintae
916 1060 1026 1137 optime
1037 1075 1114 1138 qaae·
1123 1069 1147 1120 lt

91 1158 173 1224 aque
190 1145 346 1207 detrahitis
375 1144 459 1218 Quod
475 1163 499 1206 su
492 1144 637 1223 leceris,
652 1146 720 1206 boni
737 1142 890 1205 consulam.
925 1142 1033 1204 Postea
1046 1143 1115 1202 enin

116 1228 173 1289 illis
195 1229 344 1308 exaliqua
367 1231 519 1290 occasione
542 1231 662 1291 ulmeis
683 1237 745 1289 utar
765 1237 794 1288 et
815 1227 960 1287 beneficio
974 1225 1069 1287 fastidi
1080 1226 1115 1285 tun

118 1314 181 1391 ipse
205 1311 356 1391 laudabor,
383 1316 461 1375 utin
486 1331 522 1375 eo
544 1312 620 1392 quod
641 1313 800 1373 adnotatum
821 1313 952 1371 inuenies
974 1319 1004 1370 et
1024 1327 1116 1389 supra·

92 1399 227 1477 ascripto
243 1397 325 1458 aliter
339 1397 516 1476 explicitum.
549 1396 620 1456 Nam
636 1414 700 1457 oum
715 1398 878 1475 suspicarer
888 1394 1015 1455 futurum
1030 1403 1061 1454 ut
1071 1393 1116 1453 tibi

118 1482 251 1543 tumidius
267 1482 422 1558 videretur,
438 1483 567 1560 quoniam
583 1489 628 1541 est
645 1481 789 1540 sonantius
804 1487 833 1540 et
848 1478 961 1554 elatius,
980 1495 1038 1538 non
1053 1477 1117 1538 alie·
1125 1482 1150 1532 15

118 1583 182 1623 num
196 1568 365 1641 existimavi,
381 1584 417 1629 ne
435 1574 463 1625 te
479 1575 646 1642 tonqueres‚
661 1563 768 1624 addere
786 1565 878 1625 statim
892 1564 1024 1642 pressius
1038 1560 1117 1640 quid·

118 1646 181 1706 dam
199 1657 229 1707 et
244 1648 346 1709 exilius
368 1646 416 1708 uel
431 1649 528 1727 potius
543 1647 676 1708 humilius
691 1656 720 1708 et
735 1649 834 1726 peius,
856 1655 956 1708 vestro
972 1655 1067 1707 tamen
1080 1647 1117 1705 iu·

93 1729 194 1791 edicio
215 1732 333 1790 rectius.
367 1727 424 1790 Gur
439 1732 515 1792 euim
528 1747 586 1791 uon
600 1749 805 1810 usquequaque
818 1733 987 1793 tenuitatem
999 1739 1117 1790 vestram

118 1813 250 1890 insequar
270 1822 299 1873 et
319 1811 480 1891 exagitem?
501 1813 596 1892 Haeo,
620 1824 650 1876 ut
669 1817 743 1877 inter
763 1816 831 1877 istas
849 1816 1058 1893 aucupationes
1071 1811 1117 1873 ali·

92 1895 186 1972 equid
201 1894 351 1974 aliquando
364 1897 490 1968 uiderem
506 1897 576 1960 illud
591 1900 684 1976 sedo,
707 1898 772 1960 vide
784 1908 815 1959 ut
828 1899 895 1959 mihi
909 1899 1046 1959 viaticum
1059 1895 1154 1957 red-tt

117 1977 168 2041 das
184 1980 261 2058 quod
277 1981 391 2060 inpendi
407 1982 469 2044 data
481 1999 570 2062 opera
585 2001 703 2044 cursore
719 1982 844 2045 dimisso.
866 1981 911 2045 Ne
928 1991 969 2060 tu,
986 1999 1052 2041 oum
1065 1981 1118 2040 boo

118 2061 237 2144 legeris,
255 2076 419 2146 nonnanes
433 2066 524 2128 libelli
539 2067 592 2130 sed
606 2076 696 2128 totum
710 2066 838 2127 libellum
853 2065 1019 2144 inprobabis
1035 2082 1118 2142 nega·

117 2146 220 2228 bisque
239 2150 325 2212 ullius
342 2153 428 2230 pretii
442 2171 509 2213 esse
527 2153 606 2213 euius
621 2152 743 2230 pretium
757 2152 931 2229 renasceris.
965 2148 1048 2210 Vale.

578 2284 619 2344 XI
649 2331 656 2344 .

406 2380 433 2432 O.
452 2381 577 2433 PLINIUS
595 2284 708 2432 mgmm
719 2379 785 2432 ebo
800 2379 830 2435 S.
1127 2325 1156 2378 ᾖ

94 2492 107 2542 l
178 2476 285 2538 Eadem
307 2481 429 2560 epistula
450 2492 480 2544 et
500 2501 557 2544 non
576 2485 693 2547 studere
715 2492 744 2544 te
772 2492 802 2543 et
826 2481 942 2544 studere
970 2484 1119 2561 signifieat.

116 2561 283 2640 Aenigmata
303 2563 413 2644 loquor.
448 2566 489 2627 lta
511 2567 612 2645 plane,
639 2568 732 2628 donee
751 2566 913 2628 distinctius
929 2567 1008 2644 quod
1028 2569 1121 2628 sentio

92 2651 269 2709 tenuntiem.
301 2647 396 2727 Negat
418 2653 492 2710 euim
511 2661 540 2712 te
561 2652 696 2729 studere,
718 2651 833 2711 sedeat
853 2659 909 2710 tam
928 2651 1018 2729 polita
1040 2668 1122 2728 quam

115 2733 170 2791 nisi
187 2750 203 2794 a
223 2732 355 2795 studente
373 2750 429 2794 non
444 2743 541 2812 potest
556 2735 658 2795 soribi:
684 2745 731 2795 ant
747 2754 779 2795 es
794 2743 824 2795 tn
836 2752 924 2813 super
938 2752 1038 2796 omnes
1053 2735 1159 2799 bea-30

117 2823 173 2894 tus,
193 2819 218 2879 si
233 2815 299 2878 talia
315 2836 367 2896 per
385 2817 520 2882 desidiam
532 2829 562 2879 et
577 2820 664 2880 otium
679 2820 804 2896 perliois.
836 2817 916 2879 Vale.

615 2951 665 3012 111.

363 3048 391 3103 G.
410 3048 536 3100 PLINIUS
555 2951 734 3100 ΟξέιΕΙῶΙΑΕ
753 3048 836 3099 SUAE
855 3047 882 3101 S.

92 3162 107 3213 t
180 3148 221 3208 Tu
242 3150 355 3228 quidem
374 3152 593 3231 honestissime,
623 3153 701 3233 quod
720 3161 776 3214 tam
792 3155 912 3232 inpense
934 3162 964 3214 et
982 3171 1070 3231 rogas
1092 3161 1159 3216 etti

116 3235 208 3311 exigis
226 3243 256 3294 ut
277 3237 370 3314 aooipi
390 3238 501 3298 iubeam
520 3257 536 3298 a
556 3247 586 3298 te
603 3240 726 3317 pretium
741 3254 874 3315 agrorum
889 3255 945 3298 non
960 3256 997 3297 ex
1012 3239 1120 3316 septin-

115 3320 209 3394 gentis
229 3317 360 3399 milibus‚
382 3323 477 3400 quanti
493 3321 558 3384 illos
574 3339 592 3382 a
606 3321 805 3399 tiberianas,
827 3323 879 3383 sed
899 3340 938 3382 ex
954 3323 1118 3400 nongentis,

89 3404 210 3479 aquanti
224 3420 240 3462 a
253 3403 415 3483 publicanis
429 3414 538 3483 partem
554 3408 718 3473 vicesimam
735 3408 838 3467 emisti.
870 3405 997 3466 Invicem
1015 3423 1071 3482 ego
1090 3415 1121 3465 et
