<?xml version="1.0" encoding="UTF-8"?>
<!DOCTYPE html PUBLIC "-//W3C//DTD XHTML 1.0 Transitional//EN"
    "http://www.w3.org/TR/xhtml1/DTD/xhtml1-transitional.dtd">
<html xmlns="http://www.w3.org/1999/xhtml" xml:lang="en" lang="en">
 <head>
  <title>
</title>
<meta http-equiv="Content-Type" content="text/html;charset=utf-8" />
  <meta name='ocr-system' content='tesseract 3.04.00' />
  <meta name='ocr-capabilities' content='ocr_page ocr_carea ocr_par ocr_line ocrx_word'/>
</head>
<body>
  <div class='ocr_page' id='page_1' title='image "./cplinicaecilise01plingoog_0178.png"; bbox 0 0 2400 3840; ppageno 0'>
   <div class='ocr_carea' id='block_1_1' title="bbox 339 189 1097 258">
    <p class='ocr_par' dir='ltr' id='par_1_1' title="bbox 339 189 1097 258">
     <span class='ocr_line' id='line_1_1' title="bbox 339 189 1097 258; baseline 0.008 -7"><span class='ocrx_word' id='word_1_1' title='bbox 339 189 603 254; x_wconf 76' lang='lat' dir='ltr'><strong>EPISTULARUM</strong></span> <span class='ocrx_word' id='word_1_2' title='bbox 616 190 679 250; x_wconf 88' lang='lat' dir='ltr'>vll.</span> <span class='ocrx_word' id='word_1_3' title='bbox 700 202 744 256; x_wconf 78' lang='lat' dir='ltr'>ae.</span> <span class='ocrx_word' id='word_1_4' title='bbox 758 201 858 255; x_wconf 71' lang='lat' dir='ltr'>roeo.</span> <span class='ocrx_word' id='word_1_5' title='bbox 1036 191 1097 258; x_wconf 76' lang='lat'>151</span> 
     </span>
    </p>
   </div>
   <div class='ocr_carea' id='block_1_2' title="bbox 94 343 1099 488">
    <p class='ocr_par' dir='ltr' id='par_1_2' title="bbox 94 343 1099 488">
     <span class='ocr_line' id='line_1_2' title="bbox 94 343 1099 487; baseline 0.004 -86"><span class='ocrx_word' id='word_1_6' title='bbox 94 343 326 487; x_wconf 67' lang='lat' dir='ltr'>pdhinpprlqum</span> <span class='ocrx_word' id='word_1_7' title='bbox 343 344 555 424; x_wconf 90' lang='lat' dir='ltr'>persuadebunt</span> <span class='ocrx_word' id='word_1_8' title='bbox 575 353 605 403; x_wconf 90' lang='lat' dir='ltr'>ut</span> <span class='ocrx_word' id='word_1_9' title='bbox 625 360 706 406; x_wconf 91' lang='lat' dir='ltr'>meos</span> <span class='ocrx_word' id='word_1_10' title='bbox 722 345 806 405; x_wconf 88' lang='lat' dir='ltr'>amari</span> <span class='ocrx_word' id='word_1_11' title='bbox 826 362 843 404; x_wconf 89' lang='lat' dir='ltr'>a</span> <span class='ocrx_word' id='word_1_12' title='bbox 857 362 902 404; x_wconf 89' lang='lat' dir='ltr'>me</span> <span class='ocrx_word' id='word_1_13' title='bbox 916 345 1028 404; x_wconf 90' lang='lat' dir='ltr'>nimium</span> <span class='ocrx_word' id='word_1_14' title='bbox 1045 363 1099 425; x_wconf 91' lang='lat' dir='ltr'>pu·</span> 
     </span>
     <span class='ocr_line' id='line_1_3' title="bbox 107 446 275 488; baseline -0.006 0"><span class='ocrx_word' id='word_1_15' title='bbox 107 446 162 488; x_wconf 89' lang='lat' dir='ltr'>em.</span> <span class='ocrx_word' id='word_1_16' title='bbox 249 446 275 487; x_wconf 91' lang='lat' dir='ltr'>e.</span> 
     </span>
    </p>
   </div>
   <div class='ocr_carea' id='block_1_3' title="bbox 72 559 829 740">
    <p class='ocr_par' dir='ltr' id='par_1_3' title="bbox 72 559 829 740">
     <span class='ocr_line' id='line_1_4' title="bbox 522 559 668 621; baseline -0.014 0"><span class='ocrx_word' id='word_1_17' title='bbox 522 559 668 621; x_wconf 84' lang='lat' dir='ltr'>XXVIIII.</span> 
     </span>
     <span class='ocr_line' id='line_1_5' title="bbox 72 655 829 740; baseline 0.004 -33"><span class='ocrx_word' id='word_1_18' title='bbox 72 688 87 740; x_wconf 71' lang='lat'><strong>5</strong></span> <span class='ocrx_word' id='word_1_19' title='bbox 362 658 389 708; x_wconf 91' lang='lat' dir='ltr'>o.</span> <span class='ocrx_word' id='word_1_20' title='bbox 408 658 533 710; x_wconf 79' lang='lat' dir='ltr'>enimus</span> <span class='ocrx_word' id='word_1_21' title='bbox 549 657 706 718; x_wconf 76' lang='lat' dir='ltr'>monnano</span> <span class='ocrx_word' id='word_1_22' title='bbox 726 656 786 708; x_wconf 91' lang='lat' dir='ltr'>suo</span> <span class='ocrx_word' id='word_1_23' title='bbox 803 655 829 710; x_wconf 81' lang='lat' dir='ltr'>s,</span> 
     </span>
    </p>
   </div>
   <div class='ocr_carea' id='block_1_4' title="bbox 54 757 1122 1845">
    <p class='ocr_par' dir='ltr' id='par_1_4' title="bbox 92 757 1122 1092">
     <span class='ocr_line' id='line_1_6' title="bbox 154 757 1120 842; baseline 0.006 -22"><span class='ocrx_word' id='word_1_24' title='bbox 154 760 292 839; x_wconf 81' lang='lat' dir='ltr'>Ridebis,</span> <span class='ocrx_word' id='word_1_25' title='bbox 314 760 416 842; x_wconf 90' lang='lat' dir='ltr'>deinde</span> <span class='ocrx_word' id='word_1_26' title='bbox 439 762 647 840; x_wconf 80' lang='lat' dir='ltr'>indignaberis,</span> <span class='ocrx_word' id='word_1_27' title='bbox 676 760 778 822; x_wconf 93' lang='lat' dir='ltr'>deinde</span> <span class='ocrx_word' id='word_1_28' title='bbox 797 757 919 836; x_wconf 81' lang='lat' dir='ltr'>ridebis,</span> <span class='ocrx_word' id='word_1_29' title='bbox 942 761 967 819; x_wconf 91' lang='lat' dir='ltr'>si</span> <span class='ocrx_word' id='word_1_30' title='bbox 988 760 1120 839; x_wconf 72' lang='lat' dir='ltr'>legeris]</span> 
     </span>
     <span class='ocr_line' id='line_1_7' title="bbox 94 842 1122 927; baseline 0.003 -21"><span class='ocrx_word' id='word_1_31' title='bbox 94 844 186 924; x_wconf 87' lang='lat' dir='ltr'>quod,</span> <span class='ocrx_word' id='word_1_32' title='bbox 202 845 256 905; x_wconf 91' lang='lat' dir='ltr'>nisi</span> <span class='ocrx_word' id='word_1_33' title='bbox 272 843 398 923; x_wconf 82' lang='lat' dir='ltr'>legeris,</span> <span class='ocrx_word' id='word_1_34' title='bbox 414 862 471 905; x_wconf 93' lang='lat' dir='ltr'>non</span> <span class='ocrx_word' id='word_1_35' title='bbox 484 855 569 927; x_wconf 89' lang='lat' dir='ltr'>potes</span> <span class='ocrx_word' id='word_1_36' title='bbox 584 845 713 906; x_wconf 86' lang='lat' dir='ltr'>credere.</span> <span class='ocrx_word' id='word_1_37' title='bbox 741 842 794 904; x_wconf 82' lang='lat' dir='ltr'>llst</span> <span class='ocrx_word' id='word_1_38' title='bbox 804 844 850 903; x_wconf 84' lang='lat' dir='ltr'>ria</span> <span class='ocrx_word' id='word_1_39' title='bbox 865 842 1008 904; x_wconf 84' lang='lat' dir='ltr'>Tiburtina</span> <span class='ocrx_word' id='word_1_40' title='bbox 1023 847 1122 909; x_wconf 79' lang='lat' dir='ltr'>intras</span> 
     </span>
     <span class='ocr_line' id='line_1_8' title="bbox 92 926 1096 1009; baseline 0.001 -21"><span class='ocrx_word' id='word_1_41' title='bbox 92 930 212 1008; x_wconf 91' lang='lat' dir='ltr'>primum</span> <span class='ocrx_word' id='word_1_42' title='bbox 228 926 352 1008; x_wconf 83' lang='lat' dir='ltr'>lapidem</span> <span class='ocrx_word' id='word_1_43' title='bbox 367 929 511 1009; x_wconf 86' lang='lat' dir='ltr'>(proxime</span> <span class='ocrx_word' id='word_1_44' title='bbox 527 927 673 1006; x_wconf 83' lang='lat' dir='ltr'>adnotavi)</span> <span class='ocrx_word' id='word_1_45' title='bbox 696 928 895 988; x_wconf 78' lang='lat' dir='ltr'>monimentum</span> <span class='ocrx_word' id='word_1_46' title='bbox 910 927 1042 989; x_wconf 87' lang='lat' dir='ltr'>Pallantis</span> <span class='ocrx_word' id='word_1_47' title='bbox 1057 931 1096 989; x_wconf 90' lang='lat' dir='ltr'>ita</span> 
     </span>
     <span class='ocr_line' id='line_1_9' title="bbox 92 1011 1095 1092; baseline -0.001 -19"><span class='ocrx_word' id='word_1_48' title='bbox 92 1013 258 1092; x_wconf 85' lang='lat' dir='ltr'>inscriptum</span> <span class='ocrx_word' id='word_1_49' title='bbox 275 1011 352 1073; x_wconf 78' lang='lat' dir='ltr'>‘buic</span> <span class='ocrx_word' id='word_1_50' title='bbox 373 1022 489 1074; x_wconf 90' lang='lat' dir='ltr'>senatus</span> <span class='ocrx_word' id='word_1_51' title='bbox 510 1013 546 1073; x_wconf 94' lang='lat' dir='ltr'>ob</span> <span class='ocrx_word' id='word_1_52' title='bbox 562 1011 646 1074; x_wconf 88' lang='lat' dir='ltr'>fidem</span> <span class='ocrx_word' id='word_1_53' title='bbox 664 1012 856 1091; x_wconf 77' lang='lat' dir='ltr'>pietatemque</span> <span class='ocrx_word' id='word_1_54' title='bbox 872 1026 941 1088; x_wconf 65' lang='lat' dir='ltr'>erpa</span> <span class='ocrx_word' id='word_1_55' title='bbox 959 1021 1095 1091; x_wconf 91' lang='lat' dir='ltr'>patronos</span> 
     </span>
    </p>

    <p class='ocr_par' dir='ltr' id='par_1_5' title="bbox 54 1096 1122 1510">
     <span class='ocr_line' id='line_1_10' title="bbox 54 1096 1095 1174; baseline 0.001 -20"><span class='ocrx_word' id='word_1_56' title='bbox 54 1109 85 1161; x_wconf 89' lang='lat'>10</span> <span class='ocrx_word' id='word_1_57' title='bbox 93 1104 256 1156; x_wconf 90' lang='lat' dir='ltr'>ornamenta</span> <span class='ocrx_word' id='word_1_58' title='bbox 277 1097 418 1174; x_wconf 87' lang='lat' dir='ltr'>praetoria</span> <span class='ocrx_word' id='word_1_59' title='bbox 441 1096 570 1157; x_wconf 87' lang='lat' dir='ltr'>decrevit</span> <span class='ocrx_word' id='word_1_60' title='bbox 592 1105 621 1156; x_wconf 90' lang='lat' dir='ltr'>et</span> <span class='ocrx_word' id='word_1_61' title='bbox 641 1096 803 1157; x_wconf 90' lang='lat' dir='ltr'>sestertium</span> <span class='ocrx_word' id='word_1_62' title='bbox 828 1097 938 1155; x_wconf 80' lang='lat' dir='ltr'>centies</span> <span class='ocrx_word' id='word_1_63' title='bbox 961 1097 1095 1174; x_wconf 84' lang='lat' dir='ltr'>quinqua·</span> 
     </span>
     <span class='ocr_line' id='line_1_11' title="bbox 92 1177 1122 1258; baseline 0 -17"><span class='ocrx_word' id='word_1_64' title='bbox 92 1181 173 1257; x_wconf 80' lang='lat' dir='ltr'>gies,</span> <span class='ocrx_word' id='word_1_65' title='bbox 198 1179 278 1240; x_wconf 90' lang='lat' dir='ltr'>ouius</span> <span class='ocrx_word' id='word_1_66' title='bbox 298 1177 407 1240; x_wconf 89' lang='lat' dir='ltr'>bonore</span> <span class='ocrx_word' id='word_1_67' title='bbox 433 1190 582 1242; x_wconf 90' lang='lat' dir='ltr'>contentus</span> <span class='ocrx_word' id='word_1_68' title='bbox 603 1179 677 1240; x_wconf 70' lang='lat' dir='ltr'>fuit.²</span> <span class='ocrx_word' id='word_1_69' title='bbox 703 1177 843 1256; x_wconf 82' lang='lat' dir='ltr'>llquidem</span> <span class='ocrx_word' id='word_1_70' title='bbox 865 1195 1014 1258; x_wconf 89' lang='lat' dir='ltr'>numquam</span> <span class='ocrx_word' id='word_1_71' title='bbox 1034 1186 1122 1241; x_wconf 83' lang='lat' dir='ltr'>sums</span> 
     </span>
     <span class='ocr_line' id='line_1_12' title="bbox 91 1261 1095 1342; baseline 0.001 -20"><span class='ocrx_word' id='word_1_72' title='bbox 91 1263 207 1323; x_wconf 82' lang='lat' dir='ltr'>miratus</span> <span class='ocrx_word' id='word_1_73' title='bbox 222 1281 297 1341; x_wconf 91' lang='lat' dir='ltr'>quae·</span> <span class='ocrx_word' id='word_1_74' title='bbox 307 1264 422 1342; x_wconf 90' lang='lat' dir='ltr'>saepius</span> <span class='ocrx_word' id='word_1_75' title='bbox 436 1282 452 1324; x_wconf 90' lang='lat' dir='ltr'>a</span> <span class='ocrx_word' id='word_1_76' title='bbox 467 1263 578 1324; x_wconf 84' lang='lat' dir='ltr'>fortuna</span> <span class='ocrx_word' id='word_1_77' title='bbox 590 1281 673 1342; x_wconf 88' lang='lat' dir='ltr'>quam</span> <span class='ocrx_word' id='word_1_78' title='bbox 684 1281 701 1321; x_wconf 90' lang='lat' dir='ltr'>a</span> <span class='ocrx_word' id='word_1_79' title='bbox 712 1261 817 1322; x_wconf 90' lang='lat' dir='ltr'>iudicio</span> <span class='ocrx_word' id='word_1_80' title='bbox 831 1262 1095 1340; x_wconf 83' lang='lat' dir='ltr'>proficiscerentur:</span> 
     </span>
     <span class='ocr_line' id='line_1_13' title="bbox 91 1345 1095 1424; baseline 0.002 -20"><span class='ocrx_word' id='word_1_81' title='bbox 91 1348 213 1407; x_wconf 83' lang='lat' dir='ltr'>maxime</span> <span class='ocrx_word' id='word_1_82' title='bbox 227 1355 321 1406; x_wconf 89' lang='lat' dir='ltr'>tamen</span> <span class='ocrx_word' id='word_1_83' title='bbox 333 1345 381 1406; x_wconf 90' lang='lat' dir='ltr'>bic</span> <span class='ocrx_word' id='word_1_84' title='bbox 394 1365 440 1407; x_wconf 91' lang='lat' dir='ltr'>me</span> <span class='ocrx_word' id='word_1_85' title='bbox 456 1345 554 1407; x_wconf 86' lang='lat' dir='ltr'>titulus</span> <span class='ocrx_word' id='word_1_86' title='bbox 569 1345 710 1406; x_wconf 87' lang='lat' dir='ltr'>admonuit</span> <span class='ocrx_word' id='word_1_87' title='bbox 726 1363 808 1424; x_wconf 88' lang='lat' dir='ltr'>quam</span> <span class='ocrx_word' id='word_1_88' title='bbox 823 1353 922 1407; x_wconf 87' lang='lat' dir='ltr'>essent</span> <span class='ocrx_word' id='word_1_89' title='bbox 938 1347 1048 1405; x_wconf 89' lang='lat' dir='ltr'>mimica</span> <span class='ocrx_word' id='word_1_90' title='bbox 1066 1356 1095 1406; x_wconf 89' lang='lat' dir='ltr'>et</span> 
     </span>
     <span class='ocr_line' id='line_1_14' title="bbox 91 1427 1094 1510; baseline -0.001 -21"><span class='ocrx_word' id='word_1_91' title='bbox 91 1432 189 1510; x_wconf 89' lang='lat' dir='ltr'>inepta</span> <span class='ocrx_word' id='word_1_92' title='bbox 204 1447 276 1508; x_wconf 85' lang='lat' dir='ltr'>qrrae</span> <span class='ocrx_word' id='word_1_93' title='bbox 291 1429 431 1491; x_wconf 89' lang='lat' dir='ltr'>interdum</span> <span class='ocrx_word' id='word_1_94' title='bbox 445 1432 474 1489; x_wconf 94' lang='lat' dir='ltr'>in</span> <span class='ocrx_word' id='word_1_95' title='bbox 488 1428 545 1491; x_wconf 91' lang='lat' dir='ltr'>hoc</span> <span class='ocrx_word' id='word_1_96' title='bbox 560 1446 694 1506; x_wconf 86' lang='lat' dir='ltr'>caenum,</span> <span class='ocrx_word' id='word_1_97' title='bbox 716 1428 766 1489; x_wconf 89' lang='lat' dir='ltr'>bas</span> <span class='ocrx_word' id='word_1_98' title='bbox 788 1427 890 1488; x_wconf 90' lang='lat' dir='ltr'>sordes</span> <span class='ocrx_word' id='word_1_99' title='bbox 904 1428 1094 1506; x_wconf 87' lang='lat' dir='ltr'>abicerentur,</span> 
     </span>
    </p>

    <p class='ocr_par' dir='ltr' id='par_1_6' title="bbox 55 1512 1119 1845">
     <span class='ocr_line' id='line_1_15' title="bbox 55 1512 1094 1593; baseline -0.002 -19"><span class='ocrx_word' id='word_1_100' title='bbox 55 1517 165 1593; x_wconf 76' lang='lat' dir='ltr'>idquae</span> <span class='ocrx_word' id='word_1_101' title='bbox 183 1513 306 1592; x_wconf 87' lang='lat' dir='ltr'>denique</span> <span class='ocrx_word' id='word_1_102' title='bbox 326 1512 376 1572; x_wconf 92' lang='lat' dir='ltr'>ille</span> <span class='ocrx_word' id='word_1_103' title='bbox 395 1513 514 1574; x_wconf 81' lang='lat' dir='ltr'>furcifer</span> <span class='ocrx_word' id='word_1_104' title='bbox 537 1522 567 1573; x_wconf 92' lang='lat' dir='ltr'>et</span> <span class='ocrx_word' id='word_1_105' title='bbox 587 1515 720 1590; x_wconf 89' lang='lat' dir='ltr'>recipere</span> <span class='ocrx_word' id='word_1_106' title='bbox 736 1529 821 1572; x_wconf 91' lang='lat' dir='ltr'>ausus</span> <span class='ocrx_word' id='word_1_107' title='bbox 844 1520 889 1572; x_wconf 90' lang='lat' dir='ltr'>est</span> <span class='ocrx_word' id='word_1_108' title='bbox 910 1519 941 1571; x_wconf 93' lang='lat' dir='ltr'>ct</span> <span class='ocrx_word' id='word_1_109' title='bbox 960 1529 1094 1572; x_wconf 90' lang='lat' dir='ltr'>recusare</span> 
     </span>
     <span class='ocr_line' id='line_1_16' title="bbox 90 1593 1119 1676; baseline 0 -19"><span class='ocrx_word' id='word_1_110' title='bbox 90 1606 176 1676; x_wconf 85' lang='lat' dir='ltr'>atque</span> <span class='ocrx_word' id='word_1_111' title='bbox 194 1598 277 1657; x_wconf 89' lang='lat' dir='ltr'>etiam</span> <span class='ocrx_word' id='word_1_112' title='bbox 296 1606 327 1657; x_wconf 95' lang='lat' dir='ltr'>ut</span> <span class='ocrx_word' id='word_1_113' title='bbox 341 1595 541 1658; x_wconf 89' lang='lat' dir='ltr'>moderationis</span> <span class='ocrx_word' id='word_1_114' title='bbox 564 1593 725 1676; x_wconf 88' lang='lat' dir='ltr'>exemplum</span> <span class='ocrx_word' id='word_1_115' title='bbox 738 1596 865 1675; x_wconf 89' lang='lat' dir='ltr'>posteris</span> <span class='ocrx_word' id='word_1_116' title='bbox 879 1594 1011 1674; x_wconf 88' lang='lat' dir='ltr'>prodere.</span> <span class='ocrx_word' id='word_1_117' title='bbox 1035 1595 1119 1657; x_wconf 86' lang='lat' dir='ltr'>Sed4</span> 
     </span>
     <span class='ocr_line' id='line_1_17' title="bbox 91 1675 1093 1760; baseline -0.001 -20"><span class='ocrx_word' id='word_1_118' title='bbox 91 1680 158 1760; x_wconf 78' lang='lat' dir='ltr'>quid</span> <span class='ocrx_word' id='word_1_119' title='bbox 175 1675 328 1758; x_wconf 75' lang='lat' dir='ltr'>indignor?</span> <span class='ocrx_word' id='word_1_120' title='bbox 350 1679 456 1742; x_wconf 84' lang='lat' dir='ltr'>Ridere</span> <span class='ocrx_word' id='word_1_121' title='bbox 477 1683 583 1758; x_wconf 89' lang='lat' dir='ltr'>satius,</span> <span class='ocrx_word' id='word_1_122' title='bbox 606 1698 643 1739; x_wconf 91' lang='lat' dir='ltr'>ne</span> <span class='ocrx_word' id='word_1_123' title='bbox 659 1699 692 1740; x_wconf 92' lang='lat' dir='ltr'>se</span> <span class='ocrx_word' id='word_1_124' title='bbox 707 1695 838 1756; x_wconf 75' lang='lat' dir='ltr'>magnum</span> <span class='ocrx_word' id='word_1_125' title='bbox 852 1677 957 1758; x_wconf 85' lang='lat' dir='ltr'>aliquid</span> <span class='ocrx_word' id='word_1_126' title='bbox 972 1678 1093 1758; x_wconf 91' lang='lat' dir='ltr'>adeptos</span> 
     </span>
     <span class='ocr_line' id='line_1_18' title="bbox 90 1760 988 1845; baseline 0.001 -24"><span class='ocrx_word' id='word_1_127' title='bbox 90 1773 191 1842; x_wconf 92' lang='lat' dir='ltr'>putent</span> <span class='ocrx_word' id='word_1_128' title='bbox 207 1766 256 1843; x_wconf 88' lang='lat' dir='ltr'>qui</span> <span class='ocrx_word' id='word_1_129' title='bbox 269 1763 326 1823; x_wconf 89' lang='lat' dir='ltr'>huc</span> <span class='ocrx_word' id='word_1_130' title='bbox 341 1763 478 1826; x_wconf 79' lang='lat' dir='ltr'>felicitate</span> <span class='ocrx_word' id='word_1_131' title='bbox 493 1764 662 1845; x_wconf 86' lang='lat' dir='ltr'>perveniunt</span> <span class='ocrx_word' id='word_1_132' title='bbox 677 1771 707 1823; x_wconf 89' lang='lat' dir='ltr'>ut</span> <span class='ocrx_word' id='word_1_133' title='bbox 720 1762 872 1824; x_wconf 88' lang='lat' dir='ltr'>rideantur.</span> <span class='ocrx_word' id='word_1_134' title='bbox 907 1760 988 1822; x_wconf 89' lang='lat' dir='ltr'>Vale.</span> 
     </span>
    </p>
   </div>
   <div class='ocr_carea' id='block_1_5' title="bbox 53 1896 819 2047">
    <p class='ocr_par' dir='ltr' id='par_1_7' title="bbox 53 1896 819 2047">
     <span class='ocr_line' id='line_1_19' title="bbox 53 1896 634 1992; baseline -0.012 -29"><span class='ocrx_word' id='word_1_135' title='bbox 53 1939 83 1992; x_wconf 78' lang='lat' dir='ltr'>n</span> <span class='ocrx_word' id='word_1_136' title='bbox 543 1896 634 1958; x_wconf 87' lang='lat' dir='ltr'>xxx.</span> 
     </span>
     <span class='ocr_line' id='line_1_20' title="bbox 359 1993 819 2047; baseline -0.002 -3"><span class='ocrx_word' id='word_1_137' title='bbox 359 1995 387 2047; x_wconf 81' lang='lat'>0.</span> <span class='ocrx_word' id='word_1_138' title='bbox 406 1995 530 2046; x_wconf 87' lang='lat' dir='ltr'>PLINIUS</span> <span class='ocrx_word' id='word_1_139' title='bbox 548 1994 698 2046; x_wconf 80' lang='lat' dir='ltr'>GENITORI</span> <span class='ocrx_word' id='word_1_140' title='bbox 714 1994 774 2046; x_wconf 84' lang='lat' dir='ltr'>SUO</span> <span class='ocrx_word' id='word_1_141' title='bbox 793 1993 819 2043; x_wconf 89' lang='lat' dir='ltr'>S.</span> 
     </span>
    </p>
   </div>
   <div class='ocr_carea' id='block_1_6' title="bbox 52 2095 1120 3513">
    <p class='ocr_par' dir='ltr' id='par_1_8' title="bbox 90 2095 1120 2341">
     <span class='ocr_line' id='line_1_21' title="bbox 155 2095 1120 2177; baseline -0.003 -21"><span class='ocrx_word' id='word_1_142' title='bbox 155 2096 304 2176; x_wconf 83' lang='lat' dir='ltr'>Torqueor</span> <span class='ocrx_word' id='word_1_143' title='bbox 320 2098 396 2176; x_wconf 89' lang='lat' dir='ltr'>quod</span> <span class='ocrx_word' id='word_1_144' title='bbox 412 2096 595 2177; x_wconf 92' lang='lat' dir='ltr'>discipulum,</span> <span class='ocrx_word' id='word_1_145' title='bbox 617 2106 647 2157; x_wconf 95' lang='lat' dir='ltr'>ut</span> <span class='ocrx_word' id='word_1_146' title='bbox 663 2096 784 2173; x_wconf 89' lang='lat' dir='ltr'>scribis,</span> <span class='ocrx_word' id='word_1_147' title='bbox 806 2097 928 2175; x_wconf 89' lang='lat' dir='ltr'>optimae</span> <span class='ocrx_word' id='word_1_148' title='bbox 949 2095 1012 2174; x_wconf 91' lang='lat' dir='ltr'>spei</span> <span class='ocrx_word' id='word_1_149' title='bbox 1027 2096 1093 2154; x_wconf 87' lang='lat' dir='ltr'>ami·</span> <span class='ocrx_word' id='word_1_150' title='bbox 1102 2109 1120 2160; x_wconf 87' lang='lat'>1</span> 
     </span>
     <span class='ocr_line' id='line_1_22' title="bbox 91 2177 1092 2258; baseline -0.004 -16"><span class='ocrx_word' id='word_1_151' title='bbox 91 2181 171 2258; x_wconf 90' lang='lat' dir='ltr'>sisti,</span> <span class='ocrx_word' id='word_1_152' title='bbox 196 2182 276 2241; x_wconf 93' lang='lat' dir='ltr'>cuius</span> <span class='ocrx_word' id='word_1_153' title='bbox 297 2191 327 2242; x_wconf 93' lang='lat' dir='ltr'>et</span> <span class='ocrx_word' id='word_1_154' title='bbox 346 2180 499 2242; x_wconf 86' lang='lat' dir='ltr'>valitudine</span> <span class='ocrx_word' id='word_1_155' title='bbox 519 2189 548 2242; x_wconf 88' lang='lat' dir='ltr'>et</span> <span class='ocrx_word' id='word_1_156' title='bbox 566 2189 658 2240; x_wconf 90' lang='lat' dir='ltr'>morte</span> <span class='ocrx_word' id='word_1_157' title='bbox 675 2179 809 2257; x_wconf 88' lang='lat' dir='ltr'>impedita</span> <span class='ocrx_word' id='word_1_158' title='bbox 830 2177 921 2239; x_wconf 92' lang='lat' dir='ltr'>studia</span> <span class='ocrx_word' id='word_1_159' title='bbox 935 2187 982 2237; x_wconf 93' lang='lat' dir='ltr'>tua</span> <span class='ocrx_word' id='word_1_160' title='bbox 997 2177 1092 2255; x_wconf 72' lang='lat' dir='ltr'>quidni</span> 
     </span>
     <span class='ocr_line' id='line_1_23' title="bbox 90 2259 1092 2341; baseline -0.003 -16"><span class='ocrx_word' id='word_1_161' title='bbox 90 2259 200 2325; x_wconf 79' lang='lat' dir='ltr'>sciam?</span> <span class='ocrx_word' id='word_1_162' title='bbox 222 2281 285 2322; x_wconf 91' lang='lat' dir='ltr'>cum</span> <span class='ocrx_word' id='word_1_163' title='bbox 300 2266 339 2326; x_wconf 89' lang='lat' dir='ltr'>sis</span> <span class='ocrx_word' id='word_1_164' title='bbox 356 2266 476 2324; x_wconf 92' lang='lat' dir='ltr'>omnium</span> <span class='ocrx_word' id='word_1_165' title='bbox 492 2263 650 2324; x_wconf 85' lang='lat' dir='ltr'>officiorum</span> <span class='ocrx_word' id='word_1_166' title='bbox 665 2263 948 2339; x_wconf 82' lang='lat' dir='ltr'>observantissimus,</span> <span class='ocrx_word' id='word_1_167' title='bbox 971 2279 1092 2341; x_wconf 90' lang='lat' dir='ltr'>cumque</span> 
     </span>
    </p>

    <p class='ocr_par' dir='ltr' id='par_1_9' title="bbox 52 2345 1118 2761">
     <span class='ocr_line' id='line_1_24' title="bbox 52 2345 1116 2427; baseline 0.004 -23"><span class='ocrx_word' id='word_1_168' title='bbox 52 2350 82 2402; x_wconf 72' lang='lat'>25</span> <span class='ocrx_word' id='word_1_169' title='bbox 90 2366 191 2408; x_wconf 91' lang='lat' dir='ltr'>omnes</span> <span class='ocrx_word' id='word_1_170' title='bbox 207 2365 279 2426; x_wconf 85' lang='lat' dir='ltr'>qrros</span> <span class='ocrx_word' id='word_1_171' title='bbox 297 2348 401 2427; x_wconf 89' lang='lat' dir='ltr'>probas</span> <span class='ocrx_word' id='word_1_172' title='bbox 417 2348 587 2408; x_wconf 80' lang='lat' dir='ltr'>effusissime</span> <span class='ocrx_word' id='word_1_173' title='bbox 602 2346 714 2426; x_wconf 77' lang='lat' dir='ltr'>diligas.</span> <span class='ocrx_word' id='word_1_174' title='bbox 730 2345 778 2406; x_wconf 87' lang='lat' dir='ltr'>ble</span> <span class='ocrx_word' id='word_1_175' title='bbox 789 2346 846 2406; x_wconf 90' lang='lat' dir='ltr'>luc</span> <span class='ocrx_word' id='word_1_176' title='bbox 858 2363 972 2425; x_wconf 86' lang='lat' dir='ltr'>quoque</span> <span class='ocrx_word' id='word_1_177' title='bbox 986 2345 1116 2409; x_wconf 81' lang='lat' dir='ltr'>urbanas</span> 
     </span>
     <span class='ocr_line' id='line_1_25' title="bbox 89 2429 1092 2510; baseline -0.003 -18"><span class='ocrx_word' id='word_1_178' title='bbox 89 2431 206 2508; x_wconf 80' lang='lat' dir='ltr'>negotia</span> <span class='ocrx_word' id='word_1_179' title='bbox 225 2441 422 2510; x_wconf 81' lang='lat' dir='ltr'>persecuntur.</span> <span class='ocrx_word' id='word_1_180' title='bbox 463 2429 527 2490; x_wconf 89' lang='lat' dir='ltr'>Non</span> <span class='ocrx_word' id='word_1_181' title='bbox 548 2430 650 2492; x_wconf 90' lang='lat' dir='ltr'>desunt</span> <span class='ocrx_word' id='word_1_182' title='bbox 670 2432 744 2491; x_wconf 89' lang='lat' dir='ltr'>enim</span> <span class='ocrx_word' id='word_1_183' title='bbox 766 2431 814 2508; x_wconf 90' lang='lat' dir='ltr'>qui</span> <span class='ocrx_word' id='word_1_184' title='bbox 835 2448 881 2491; x_wconf 90' lang='lat' dir='ltr'>me</span> <span class='ocrx_word' id='word_1_185' title='bbox 901 2430 1024 2489; x_wconf 92' lang='lat' dir='ltr'>iudicem</span> <span class='ocrx_word' id='word_1_186' title='bbox 1045 2438 1092 2489; x_wconf 87' lang='lat' dir='ltr'>aut</span> 
     </span>
     <span class='ocr_line' id='line_1_26' title="bbox 89 2513 1118 2594; baseline 0.002 -20"><span class='ocrx_word' id='word_1_187' title='bbox 89 2515 224 2574; x_wconf 87' lang='lat' dir='ltr'>arbitrum</span> <span class='ocrx_word' id='word_1_188' title='bbox 238 2514 350 2576; x_wconf 85' lang='lat' dir='ltr'>faciant.</span> <span class='ocrx_word' id='word_1_189' title='bbox 381 2513 531 2575; x_wconf 80' lang='lat' dir='ltr'>Accedunt</span> <span class='ocrx_word' id='word_1_190' title='bbox 548 2513 695 2594; x_wconf 88' lang='lat' dir='ltr'>querellae</span> <span class='ocrx_word' id='word_1_191' title='bbox 709 2516 895 2591; x_wconf 87' lang='lat' dir='ltr'>rusticorum,</span> <span class='ocrx_word' id='word_1_192' title='bbox 918 2515 965 2591; x_wconf 87' lang='lat' dir='ltr'>qui</span> <span class='ocrx_word' id='word_1_193' title='bbox 979 2513 1118 2576; x_wconf 85' lang='lat' dir='ltr'>auribus3</span> 
     </span>
     <span class='ocr_line' id='line_1_27' title="bbox 89 2595 1092 2678; baseline -0.002 -22"><span class='ocrx_word' id='word_1_194' title='bbox 89 2599 161 2658; x_wconf 91' lang='lat' dir='ltr'>meis</span> <span class='ocrx_word' id='word_1_195' title='bbox 173 2607 240 2677; x_wconf 93' lang='lat' dir='ltr'>post</span> <span class='ocrx_word' id='word_1_196' title='bbox 255 2596 370 2675; x_wconf 84' lang='lat' dir='ltr'>longum</span> <span class='ocrx_word' id='word_1_197' title='bbox 381 2607 493 2678; x_wconf 86' lang='lat' dir='ltr'>tempus</span> <span class='ocrx_word' id='word_1_198' title='bbox 508 2615 561 2660; x_wconf 88' lang='lat' dir='ltr'>suo</span> <span class='ocrx_word' id='word_1_199' title='bbox 573 2601 634 2659; x_wconf 91' lang='lat' dir='ltr'>iure</span> <span class='ocrx_word' id='word_1_200' title='bbox 646 2597 805 2660; x_wconf 86' lang='lat' dir='ltr'>abutuntur.</span> <span class='ocrx_word' id='word_1_201' title='bbox 823 2595 912 2658; x_wconf 90' lang='lat' dir='ltr'>lnstat</span> <span class='ocrx_word' id='word_1_202' title='bbox 922 2606 951 2657; x_wconf 93' lang='lat' dir='ltr'>et</span> <span class='ocrx_word' id='word_1_203' title='bbox 963 2599 1092 2658; x_wconf 91' lang='lat' dir='ltr'>necessi·</span> 
     </span>
     <span class='ocr_line' id='line_1_28' title="bbox 89 2677 1092 2761; baseline -0.005 -20"><span class='ocrx_word' id='word_1_204' title='bbox 89 2688 133 2741; x_wconf 80' lang='lat' dir='ltr'>tas</span> <span class='ocrx_word' id='word_1_205' title='bbox 148 2697 282 2758; x_wconf 79' lang='lat' dir='ltr'>agrorum</span> <span class='ocrx_word' id='word_1_206' title='bbox 295 2680 479 2741; x_wconf 78' lang='lat' dir='ltr'>locandorum</span> <span class='ocrx_word' id='word_1_207' title='bbox 493 2699 630 2761; x_wconf 91' lang='lat' dir='ltr'>perquam</span> <span class='ocrx_word' id='word_1_208' title='bbox 643 2681 778 2742; x_wconf 91' lang='lat' dir='ltr'>molesta:</span> <span class='ocrx_word' id='word_1_209' title='bbox 799 2677 872 2740; x_wconf 90' lang='lat' dir='ltr'>adeo</span> <span class='ocrx_word' id='word_1_210' title='bbox 886 2697 978 2740; x_wconf 88' lang='lat' dir='ltr'>rarum</span> <span class='ocrx_word' id='word_1_211' title='bbox 993 2688 1038 2740; x_wconf 92' lang='lat' dir='ltr'>est</span> <span class='ocrx_word' id='word_1_212' title='bbox 1051 2680 1092 2738; x_wconf 92' lang='lat' dir='ltr'>in·</span> 
     </span>
    </p>

    <p class='ocr_par' dir='ltr' id='par_1_10' title="bbox 52 2760 1119 3010">
     <span class='ocr_line' id='line_1_29' title="bbox 52 2760 1119 2841; baseline 0.002 -18"><span class='ocrx_word' id='word_1_213' title='bbox 52 2763 189 2823; x_wconf 71' lang='lat' dir='ltr'>devenire</span> <span class='ocrx_word' id='word_1_214' title='bbox 199 2763 322 2825; x_wconf 85' lang='lat' dir='ltr'>&#39;idoneos</span> <span class='ocrx_word' id='word_1_215' title='bbox 340 2766 538 2825; x_wconf 90' lang='lat' dir='ltr'>conductores.</span> <span class='ocrx_word' id='word_1_216' title='bbox 560 2765 669 2838; x_wconf 84' lang='lat' dir='ltr'>Quibus</span> <span class='ocrx_word' id='word_1_217' title='bbox 682 2782 718 2823; x_wconf 87' lang='lat' dir='ltr'>ex</span> <span class='ocrx_word' id='word_1_218' title='bbox 731 2765 824 2824; x_wconf 87' lang='lat' dir='ltr'>causis</span> <span class='ocrx_word' id='word_1_219' title='bbox 836 2764 967 2841; x_wconf 91' lang='lat' dir='ltr'>precario</span> <span class='ocrx_word' id='word_1_220' title='bbox 975 2760 1089 2838; x_wconf 92' lang='lat' dir='ltr'>studeo,</span> <span class='ocrx_word' id='word_1_221' title='bbox 1100 2771 1119 2825; x_wconf 87' lang='lat'>4</span> 
     </span>
     <span class='ocr_line' id='line_1_30' title="bbox 90 2844 1093 2926; baseline -0.005 -17"><span class='ocrx_word' id='word_1_222' title='bbox 90 2846 193 2909; x_wconf 85' lang='lat' dir='ltr'>studeo</span> <span class='ocrx_word' id='word_1_223' title='bbox 206 2856 313 2908; x_wconf 90' lang='lat' dir='ltr'>tamen:</span> <span class='ocrx_word' id='word_1_224' title='bbox 327 2866 391 2907; x_wconf 89' lang='lat' dir='ltr'>nam</span> <span class='ocrx_word' id='word_1_225' title='bbox 404 2858 433 2909; x_wconf 88' lang='lat' dir='ltr'>et</span> <span class='ocrx_word' id='word_1_226' title='bbox 445 2849 540 2908; x_wconf 90' lang='lat' dir='ltr'>scribo</span> <span class='ocrx_word' id='word_1_227' title='bbox 553 2847 659 2926; x_wconf 90' lang='lat' dir='ltr'>aliquid</span> <span class='ocrx_word' id='word_1_228' title='bbox 674 2855 703 2906; x_wconf 89' lang='lat' dir='ltr'>et</span> <span class='ocrx_word' id='word_1_229' title='bbox 717 2846 799 2924; x_wconf 75' lang='lat' dir='ltr'>lego:</span> <span class='ocrx_word' id='word_1_230' title='bbox 815 2844 868 2905; x_wconf 88' lang='lat' dir='ltr'>sed</span> <span class='ocrx_word' id='word_1_231' title='bbox 883 2862 945 2904; x_wconf 90' lang='lat' dir='ltr'>cum</span> <span class='ocrx_word' id='word_1_232' title='bbox 959 2844 1039 2922; x_wconf 81' lang='lat' dir='ltr'>lego,</span> <span class='ocrx_word' id='word_1_233' title='bbox 1055 2863 1093 2904; x_wconf 86' lang='lat' dir='ltr'>ex</span> 
     </span>
     <span class='ocr_line' id='line_1_31' title="bbox 90 2927 1092 3010; baseline -0.004 -19"><span class='ocrx_word' id='word_1_234' title='bbox 90 2932 294 3007; x_wconf 82' lang='lat' dir='ltr'>conparatione</span> <span class='ocrx_word' id='word_1_235' title='bbox 311 2933 403 2993; x_wconf 86' lang='lat' dir='ltr'>sentio</span> <span class='ocrx_word' id='word_1_236' title='bbox 419 2949 501 3010; x_wconf 87' lang='lat' dir='ltr'>quam</span> <span class='ocrx_word' id='word_1_237' title='bbox 515 2930 588 2991; x_wconf 89' lang='lat' dir='ltr'>male</span> <span class='ocrx_word' id='word_1_238' title='bbox 610 2930 749 3005; x_wconf 88' lang='lat' dir='ltr'>scribam,</span> <span class='ocrx_word' id='word_1_239' title='bbox 772 2928 841 2989; x_wconf 91' lang='lat' dir='ltr'>licet</span> <span class='ocrx_word' id='word_1_240' title='bbox 861 2936 891 2987; x_wconf 93' lang='lat' dir='ltr'>tu</span> <span class='ocrx_word' id='word_1_241' title='bbox 906 2927 972 2986; x_wconf 93' lang='lat' dir='ltr'>mihi</span> <span class='ocrx_word' id='word_1_242' title='bbox 988 2929 1092 2987; x_wconf 93' lang='lat' dir='ltr'>bonum</span> 
     </span>
    </p>

    <p class='ocr_par' dir='ltr' id='par_1_11' title="bbox 62 3002 1116 3177">
     <span class='ocr_line' id='line_1_32' title="bbox 62 3002 1092 3094; baseline -0.004 -19"><span class='ocrx_word' id='word_1_243' title='bbox 62 3026 65 3033; x_wconf 87' lang='lat'>&#39;</span> <span class='ocrx_word' id='word_1_244' title='bbox 89 3002 210 3075; x_wconf 75' lang='lat' dir='ltr'>animum</span> <span class='ocrx_word' id='word_1_245' title='bbox 229 3014 333 3092; x_wconf 88' lang='lat' dir='ltr'>iacias,</span> <span class='ocrx_word' id='word_1_246' title='bbox 358 3017 406 3094; x_wconf 88' lang='lat' dir='ltr'>qui</span> <span class='ocrx_word' id='word_1_247' title='bbox 423 3013 539 3075; x_wconf 91' lang='lat' dir='ltr'>libellos</span> <span class='ocrx_word' id='word_1_248' title='bbox 561 3031 642 3074; x_wconf 89' lang='lat' dir='ltr'>meos</span> <span class='ocrx_word' id='word_1_249' title='bbox 661 3011 697 3073; x_wconf 90' lang='lat' dir='ltr'>de</span> <span class='ocrx_word' id='word_1_250' title='bbox 717 3010 825 3073; x_wconf 93' lang='lat' dir='ltr'>ultione</span> <span class='ocrx_word' id='word_1_251' title='bbox 845 3009 958 3071; x_wconf 90' lang='lat' dir='ltr'>Helvidi</span> <span class='ocrx_word' id='word_1_252' title='bbox 974 3012 1092 3072; x_wconf 86' lang='lat' dir='ltr'>orationi</span> 
     </span>
     <span class='ocr_line' id='line_1_33' title="bbox 88 3091 1116 3177; baseline 0 -19"><span class='ocrx_word' id='word_1_253' title='bbox 88 3097 293 3159; x_wconf 85' lang='lat' dir='ltr'>Demosthenis</span> <span class='ocrx_word' id='word_1_254' title='bbox 307 3091 389 3158; x_wconf 81' lang='grc' dir='ltr'><strong><em>κατὰ</em></strong></span> <span class='ocrx_word' id='word_1_255' title='bbox 400 3095 547 3159; x_wconf 77' lang='grc' dir='ltr'><strong><em>Μειδίου</em></strong></span> <span class='ocrx_word' id='word_1_256' title='bbox 563 3096 693 3174; x_wconf 85' lang='lat' dir='ltr'>coniers,</span> <span class='ocrx_word' id='word_1_257' title='bbox 706 3113 789 3175; x_wconf 90' lang='lat' dir='ltr'>quam</span> <span class='ocrx_word' id='word_1_258' title='bbox 803 3113 882 3172; x_wconf 88' lang='lat' dir='ltr'>sane,</span> <span class='ocrx_word' id='word_1_259' title='bbox 898 3113 960 3154; x_wconf 87' lang='lat' dir='ltr'>cum</span> <span class='ocrx_word' id='word_1_260' title='bbox 973 3104 1116 3177; x_wconf 84' lang='lat' dir='ltr'>compo-5</span> 
     </span>
    </p>

    <p class='ocr_par' dir='ltr' id='par_1_12' title="bbox 53 3177 1094 3513">
     <span class='ocr_line' id='line_1_34' title="bbox 53 3177 1092 3260; baseline -0.005 -16"><span class='ocrx_word' id='word_1_261' title='bbox 53 3188 189 3244; x_wconf 69' lang='lat' dir='ltr'>bonorem</span> <span class='ocrx_word' id='word_1_262' title='bbox 205 3180 288 3259; x_wconf 91' lang='lat' dir='ltr'>illos,</span> <span class='ocrx_word' id='word_1_263' title='bbox 309 3181 393 3241; x_wconf 90' lang='lat' dir='ltr'>babui</span> <span class='ocrx_word' id='word_1_264' title='bbox 410 3182 439 3241; x_wconf 90' lang='lat' dir='ltr'>iu</span> <span class='ocrx_word' id='word_1_265' title='bbox 457 3181 601 3259; x_wconf 85' lang='lat' dir='ltr'>manibus,</span> <span class='ocrx_word' id='word_1_266' title='bbox 623 3198 680 3240; x_wconf 94' lang='lat' dir='ltr'>non</span> <span class='ocrx_word' id='word_1_267' title='bbox 696 3189 727 3240; x_wconf 95' lang='lat' dir='ltr'>ut</span> <span class='ocrx_word' id='word_1_268' title='bbox 748 3177 906 3240; x_wconf 87' lang='lat' dir='ltr'>aemularer</span> <span class='ocrx_word' id='word_1_269' title='bbox 927 3180 1092 3260; x_wconf 93' lang='lat' dir='ltr'>(inprobum</span> 
     </span>
     <span class='ocr_line' id='line_1_35' title="bbox 91 3264 1091 3344; baseline -0.007 -17"><span class='ocrx_word' id='word_1_270' title='bbox 91 3269 219 3327; x_wconf 79' lang='lat' dir='ltr'>enimse</span> <span class='ocrx_word' id='word_1_271' title='bbox 240 3282 333 3344; x_wconf 88' lang='lat' dir='ltr'>paene</span> <span class='ocrx_word' id='word_1_272' title='bbox 356 3264 525 3343; x_wconf 81' lang='lat' dir='ltr'>furiosum),</span> <span class='ocrx_word' id='word_1_273' title='bbox 550 3264 603 3326; x_wconf 86' lang='lat' dir='ltr'>sed</span> <span class='ocrx_word' id='word_1_274' title='bbox 627 3273 720 3324; x_wconf 91' lang='lat' dir='ltr'>tamen</span> <span class='ocrx_word' id='word_1_275' title='bbox 745 3264 870 3324; x_wconf 88' lang='lat' dir='ltr'>imitarer</span> <span class='ocrx_word' id='word_1_276' title='bbox 890 3272 919 3324; x_wconf 92' lang='lat' dir='ltr'>et</span> <span class='ocrx_word' id='word_1_277' title='bbox 941 3280 1091 3341; x_wconf 85' lang='lat' dir='ltr'>sequerer,</span> 
     </span>
     <span class='ocr_line' id='line_1_36' title="bbox 91 3347 1094 3428; baseline -0.008 -16"><span class='ocrx_word' id='word_1_278' title='bbox 91 3360 225 3428; x_wconf 87' lang='lat' dir='ltr'>quantum</span> <span class='ocrx_word' id='word_1_279' title='bbox 238 3359 286 3410; x_wconf 88' lang='lat' dir='ltr'>aut</span> <span class='ocrx_word' id='word_1_280' title='bbox 298 3348 648 3426; x_wconf 79' lang='lat' dir='ltr'>diversitas&#39;ingeniorum,</span> <span class='ocrx_word' id='word_1_281' title='bbox 664 3347 775 3406; x_wconf 87' lang='lat' dir='ltr'>maximi</span> <span class='ocrx_word' id='word_1_282' title='bbox 792 3356 821 3409; x_wconf 89' lang='lat' dir='ltr'>et</span> <span class='ocrx_word' id='word_1_283' title='bbox 834 3348 948 3424; x_wconf 90' lang='lat' dir='ltr'>minimi,</span> <span class='ocrx_word' id='word_1_284' title='bbox 965 3355 1012 3405; x_wconf 91' lang='lat' dir='ltr'>aut</span> <span class='ocrx_word' id='word_1_285' title='bbox 1027 3362 1094 3406; x_wconf 87' lang='lat' dir='ltr'>cau·</span> 
     </span>
     <span class='ocr_line' id='line_1_37' title="bbox 90 3430 642 3513; baseline -0.007 -18"><span class='ocrx_word' id='word_1_286' title='bbox 90 3451 141 3495; x_wconf 85' lang='lat' dir='ltr'>sae</span> <span class='ocrx_word' id='word_1_287' title='bbox 156 3430 353 3494; x_wconf 91' lang='lat' dir='ltr'>dissimilitudo</span> <span class='ocrx_word' id='word_1_288' title='bbox 368 3441 523 3513; x_wconf 87' lang='lat' dir='ltr'>pateretur.</span> <span class='ocrx_word' id='word_1_289' title='bbox 558 3430 642 3493; x_wconf 86' lang='lat' dir='ltr'>Vale.</span> 
     </span>
    </p>
   </div>
   <div class='ocr_carea' id='block_1_7' title="bbox 0 0 1204 3840">
    <p class='ocr_par' dir='ltr' id='par_1_13' title="bbox 0 0 1204 3840">
     <span class='ocr_line' id='line_1_38' title="bbox 0 0 1204 3840; baseline 0 0"><span class='ocrx_word' id='word_1_290' title='bbox 0 0 1204 3840; x_wconf 95' lang='lat' dir='ltr'> </span> 
     </span>
    </p>
   </div>
  </div>
 </body>
</html>
