2400 3840
278 212 280 223 ¹
343 204 604 267 uersuumnuu
619 206 695 266 vru.
711 218 736 270 1.
750 217 815 270 ss.
829 217 855 270 s.
917 287 920 292 .
1009 169 1098 272 '155

96 367 205 420 emerat
224 357 374 418 concessi:
395 355 498 418 deinde
512 358 557 418 his
578 359 626 436 qui
641 358 826 436 amplissimas
843 378 964 422 summas
977 362 1098 438 emptio·

96 442 406 519 nibusoccupaveraut
422 444 573 518 separatim
588 441 727 501 consului.
755 442 826 502 Nsrn
843 453 872 504 et
885 462 931 504 me
946 446 1044 522 magis
1055 447 1096 503 iu·

96 533 196 584 verant
218 534 248 585 et
269 526 356 583 maius
375 524 431 601 ipsi
451 523 578 585 fecerant
596 524 732 584 damnum.
763 524 854 604 Igitur
873 527 917 588 bis
935 529 983 603 qui
1007 527 1122 604 plurisd

97 626 180 686 pam
201 607 304 668 decem
324 606 438 667 milibus
466 617 591 668 emerant
617 607 653 668 ad
673 607 750 668 illam
771 626 946 670 communem
966 618 995 670 et
1018 612 1098 688 quasi

75 690 241 771 tpublicam
261 701 388 751 octavam
408 689 500 750 addidi
521 691 666 751 decumam
689 693 749 752 eius
775 710 899 755 surcmae
922 710 975 771 qua
996 693 1097 753 decem

97 774 173 834 milia
187 784 384 836 excesserant.
401 772 513 834 Vereor
526 793 563 834 ne
574 792 671 852 pamm
684 777 889 854 expresserim
904 777 1029 854 apertius
1041 775 1123 838 eal-5

96 858 179 918 culos
192 857 346 918 ostendam.
371 857 401 916 Si
417 860 464 935 qui
478 856 553 918 forte
568 857 728 936 quindecim
740 859 851 920 milibus
867 869 1008 937 egerant,
1024 859 1053 918 hi
1068 869 1098 920 et

96 941 259 1020 quindecim
275 940 381 1001 milium
396 948 525 1000 octavam
545 950 575 1001 et
595 943 719 1020 quinque
740 942 845 1001 milium
865 943 1001 1002 decimam
1024 941 1098 1002 tule-

95 1035 170 1086 runt.
201 1023 368 1100 Praeterea,
391 1040 454 1084 cum
473 1034 636 1102 reputarem
651 1024 786 1103 quosdam
806 1044 843 1086 ex
858 1024 955 1087 debito
971 1024 1122 1103 aliquan-6

59 1117 173 1184 lotum,
191 1107 328 1185 quosdam
344 1107 466 1186 aliquid,
489 1107 625 1185 quosdam
637 1108 706 1168 nihil
721 1111 905 1187 reposuisse,
919 1125 1097 1185 nequaquam

96 1209 197 1251 verum
210 1189 374 1268 arbitrabar,
390 1209 462 1269 quos
476 1208 533 1250 non
547 1201 699 1269 aequasset
716 1192 787 1253 fides
803 1192 963 1269 solutionis,
977 1191 1031 1252 hos
1046 1192 1097 1252 be·

79 1277 232 1352 *nignitate
253 1275 428 1335 remissionis
446 1292 578 1353 aequare.
610 1272 718 1336 Rursus
740 1292 812 1353 ergo
827 1275 872 1337 bis
888 1278 935 1354 qui
953 1275 1121 1336 solverauti

97 1359 159 1418 eius
177 1357 254 1436 quod
269 1357 412 1418 solverant
428 1357 564 1417 decimam
575 1359 682 1418 remisi.
713 1357 768 1418 l’er
787 1359 843 1418 boc
861 1361 935 1419 enim
948 1360 1095 1436 aptissime

96 1451 125 1502 ct
140 1443 170 1500 iu
185 1443 368 1519 praeteritum
385 1439 503 1518 singulis
523 1457 576 1517 pro
597 1443 737 1518 cuiusque
753 1445 855 1502 merito
873 1443 963 1518 gratia
981 1440 1094 1516 referri,
1110 1469 1112 1473 ·

57 1532 87 1584 15
96 1534 125 1584 et
142 1527 171 1585 in
187 1524 309 1584 futurum
324 1541 423 1584 omues
440 1541 504 1585 cum
520 1524 555 1584 ad
576 1523 724 1583 emendum
744 1532 801 1586 tum
823 1526 906 1585 etiam
926 1523 961 1583 ad
982 1523 1096 1584 solven-

96 1608 161 1668 dum
177 1606 252 1668 allici
266 1607 440 1668 videbantur.
463 1605 567 1684 Magno
584 1607 650 1666 milri
666 1626 718 1668 seu
737 1609 809 1667 ratio
824 1607 896 1669 baec
910 1626 962 1668 seu
977 1607 1122 1667 facilitas8

96 1692 193 1767 stetit,
218 1691 271 1751 sed
286 1691 338 1751 fuit
353 1692 429 1751 tanti.
462 1689 532 1750 Nam
548 1692 667 1767 regione
682 1699 741 1752 tota
756 1700 785 1752 et
796 1693 905 1753 novitas
918 1691 1094 1751 remissionis

96 1785 124 1834 et
139 1775 230 1834 forma
250 1773 384 1834 laudatur.
416 1772 461 1833 Ex
475 1775 547 1852 ipsis
563 1776 662 1850 etiarn,
685 1792 758 1852 quos
772 1791 833 1848 nou¹
844 1793 912 1851 una,
935 1783 965 1834 ut
982 1773 1094 1851 dicitur,

95 1860 206 1936 pertica
221 1857 274 1918 scd
288 1857 420 1919 distincte
437 1858 629 1936 gradatimque
643 1860 777 1935 tractavi,
799 1867 902 1936 quanto
918 1860 981 1936 quis
995 1857 1096 1918 melior

55 1950 125 2007 acet
138 1941 259 2019 probior
274 1949 351 2001 tanto
365 1941 432 2000 mibi
453 1940 605 2018 obligatior
618 1941 697 2018 abiit,
713 1951 849 2019 expertus
864 1959 920 2000 non
938 1959 1005 2002 esse
1020 1939 1095 2019 apud

95 2042 140 2085 me
158 2020 196 2084 ἐν
208 2015 244 2084 db
257 2021 290 2104 ἰῇ
300 2024 378 2106 τιμῇ
390 2015 474 2103 ἠμὲν
487 2015 587 2096 κακὸς
599 2013 658 2101 ἠδὲ
670 2017 724 2083 καὶ
736 2018 866 2096 ἐσθλός.
898 2022 979 2084 Vale.

571 2155 622 2215 111.

377 2254 404 2307 C.
425 2253 551 2306 PLINIUS
571 2253 692 2305 SPABSO
713 2253 772 2306 SUO
791 2253 818 2307 S.

54 2375 87 2429 us
157 2359 270 2420 bibrum
282 2376 366 2437 quem
380 2360 535 2420 novissime
552 2361 603 2420 tibi
618 2361 681 2423 misi
695 2379 733 2421 ex
746 2360 875 2421 omnibus
891 2360 962 2419 meis
978 2357 1026 2418 vel
1040 2375 1097 2416 ma·
1105 2371 1120 2423 1

92 2444 170 2502 xime
185 2442 303 2521 placere
320 2443 471 2520 significas.
503 2441 556 2503 Est
575 2443 674 2505 eadem
690 2445 787 2523 opinio
806 2443 950 2504 cuiusdam
966 2441 1096 2502 eruditis·

96 2527 169 2587 simi.
193 2524 258 2599 Quo
273 2528 362 2604 magis
378 2525 503 2586 adducor
517 2536 546 2586 ut
557 2538 688 2587 neutrum
702 2526 762 2588 falli
776 2537 885 2606 putem,
902 2529 1037 2605 quianon
1052 2533 1121 2588 esti

95 2608 236 2670 credibile
256 2617 404 2688 utrumque
427 2609 486 2670 falli
507 2618 536 2671 et
559 2612 623 2689 quia
646 2622 740 2673 tamen
759 2610 888 2671 blandior
912 2609 989 2668 mihi.
1020 2607 1096 2667 Volo

95 2694 171 2754 enim
186 2694 313 2771 proxima
331 2711 461 2772 quaeque
482 2693 690 2756 absolutissima
705 2695 812 2772 rideri,
831 2703 860 2754 et
874 2692 941 2753 ideo
954 2694 1007 2750 iam
1021 2707 1096 2748 nunc

54 2783 195 2837 docontra
215 2777 297 2836 istum
319 2773 422 2835 librum
444 2775 527 2838 iaveo
549 2779 666 2838 orationi
687 2795 770 2856 quam
792 2795 885 2855 nuper
903 2777 931 2833 in
951 2771 1096 2851 publicum

96 2859 179 2938 dedi,
203 2861 455 2920 communicaturus
476 2869 585 2935 tecum,
609 2870 638 2921 ut
659 2862 777 2937 primum
798 2858 962 2935 diligentem
980 2853 1096 2915 tabella·

95 2945 167 3002 rium
184 2944 332 3003 invenero.
363 2941 450 3004 Erexi
467 2945 711 3021 exspectationem
728 2951 819 3016 tuam,
841 2959 923 3021 quam
940 2956 1045 2999 vereor
1058 2943 1122 2998 uei

95 3025 231 3087 destituat
247 3028 335 3086 oratio
350 3028 378 3085 in
388 3044 486 3096 manus
501 3034 619 3104 sumpta.
648 3024 764 3086 Interim
777 3034 869 3084 tamen
884 3033 1022 3102 tamquam
1036 3021 1095 3101 pla·

97 3111 224 3189 cituram,
241 3118 270 3170 et
284 3109 407 3170 fortasse
423 3108 559 3188 placebit,
576 3119 722 3189 exspecta.
753 3106 834 3168 Vale.

410 3273 415 3282 ·
565 3240 592 3300 11
622 3288 629 3302 .

378 3341 405 3391 G.
424 3339 547 3392 PLINIUS
566 3241 692 3391 GigllNIO
711 3337 771 3391 SUO
791 3339 818 3393 S.

161 3443 275 3523 Optime
296 3443 367 3504 iacis
387 3443 463 3523 quod
483 3442 591 3505 bellum
609 3443 753 3507 Dacicum
766 3443 901 3507 scribere
912 3456 1018 3519 ponas.
1036 3433 1153 3490 ism

54 3204 88 3258 35
