2400 3840
284 173 550 238 EPISTULARUM
570 175 633 238 1111.
655 187 697 241 re.
714 188 756 242 19.
985 177 1027 245 81

554 327 577 388 l.

220 425 249 482 C.
273 425 397 478 PLINIUS
414 328 698 478 ARIgOVHANTONlNO
718 425 778 479 SUO
797 427 823 478 S.

84 543 327 617 Quemadmodum
340 546 430 622 magis
447 545 606 624 adprobare
618 545 670 604 tibi
682 562 800 623 possum
815 555 919 624 quanto
936 557 1050 624 opere1

24 628 110 688 mirer
132 630 335 707 epigrammata
362 639 409 690 tua
435 627 543 691 Graeca
568 645 650 708 quam
676 629 753 707 quod
774 629 910 707 quaedam
928 629 1026 691 Latine

24 711 155 774 temulari
174 721 204 772 et
224 715 387 792 exprimere
406 709 563 792 temptavi?
590 714 619 772 in
635 711 763 774 deterius
778 724 882 775 tamen.
912 714 1028 775 Accidit

24 812 77 857 noe
93 796 215 875 primum
229 795 417 859 inbecillitate
431 798 539 876 ingenii
556 797 624 874 mei,
640 795 744 857 deiude
759 798 857 876 iuopia
873 814 906 857 ao
918 800 1025 876 potius,

24 888 49 940 rt
62 878 215 941 Lucretius
230 883 285 960 ait,
301 889 431 959 egestate
446 883 530 961 patrii
545 881 696 942 sermonis.
726 878 811 954 Quod
826 882 852 942 si
866 879 938 940 haec
953 899 1053 960 quaes

24 972 85 1025 sunt
107 972 138 1024 et
156 963 251 1025 Latina
272 973 301 1025 et
321 983 384 1026 mea
405 965 514 1026 habere
528 964 580 1026 tibi
594 964 702 1043 aliquid
717 966 875 1027 venustatis
890 964 1028 1026 videbun·

24 1056 81 1126 tur,
104 1056 236 1126 quantum
257 1059 340 1127 putas
360 1051 458 1111 inesse
479 1050 514 1110 iis
536 1048 645 1128 gratiae
661 1067 734 1129 quae
747 1058 777 1109 et
792 1067 809 1111 a
822 1061 851 1110 te
868 1059 898 1110 et
918 1046 1027 1110 Graece

24 1129 225 1211 proferuntur?
257 1131 338 1194 Vale.

433 1286 435 1291 ⁴
466 1280 532 1341 xvi
576 1323 584 1339 .

150 1377 178 1433 o.
198 1376 324 1431 nmmos
344 1280 748 1430 osuunnumnfflursrnuuau
766 1378 850 1429 suun
869 1376 895 1429 o.

86 1492 158 1555 Gum
180 1497 221 1557 sis
238 1498 354 1575 pietatis
370 1496 533 1576 exemplum
547 1497 721 1573 fratremque
737 1497 873 1574 optimum
889 1504 918 1557 et
935 1514 1051 1567 amau-1

24 1579 161 1641 tissimum
181 1580 220 1640 tul
241 1582 302 1656 pari
325 1581 443 1640 caritate
460 1579 595 1641 dilexeris
610 1578 752 1658 filiamque
770 1581 832 1640 eius
847 1589 878 1640 ut
895 1589 971 1661 tuam
985 1581 1026 1641 di·

24 1663 94 1740 ligas
108 1681 164 1724 uec
177 1672 284 1724 tantum
297 1665 397 1725 amitae
413 1665 441 1725 ei
453 1663 596 1726 adiectum
611 1681 710 1724 verum
727 1664 812 1724 etiam
827 1665 915 1743 patris
931 1666 1028 1726 moissi

24 1756 236 1827 repraesentes,
253 1764 310 1808 uon
324 1747 422 1808 dubito
436 1750 555 1810 maximo
568 1748 619 1810 tibi
630 1747 734 1827 modio
748 1749 823 1825 iore,
839 1766 903 1809 cnm
918 1765 1027 1827 coguo-

24 1831 97 1891 reris
113 1830 225 1908 diguam
238 1841 330 1910 patre,
348 1831 459 1910 diguam
472 1843 513 1911 te,
530 1833 643 1912 dignam
657 1849 712 1893 avo
728 1832 864 1893 evadere.
885 1831 1054 1902 Summums

24 1923 66 1976 est
81 1931 218 1994 acumen,
237 1933 343 1976 summa
359 1916 521 1994 frugalitas:
545 1926 618 1978 amat
634 1935 699 1993 nc,
714 1917 792 1995 quod
805 1917 942 1978 castitatis
956 1918 1026 1979 iudi·

24 1999 98 2059 cium
112 2007 166 2060 est.
187 1998 310 2062 Accedit
322 2000 367 2061 his
384 2001 508 2061 studium
524 2000 691 2077 litterarum,
708 2000 785 2078 quod
795 2019 833 2060 ex
843 2002 902 2060 mei
912 2003 1027 2064 caritate

24 2084 167 2161 concepit.
188 2081 273 2145 Meos
288 2083 405 2144 libellos
419 2083 521 2160 nete,
533 2084 655 2161 lectitat,
669 2083 772 2144 ediscit
786 2085 880 2144 ctiam.
903 2083 966 2156 Qua
979 2084 1054 2153 illas

24 2165 225 2244 sollicitudine,
242 2185 307 2228 cum
318 2168 421 2229 videor
434 2177 560 2246 acturus,
576 2176 691 2244 qrrauto,
708 2185 773 2226 eum
784 2168 843 2244 egi,
857 2166 964 2244 gaudio
979 2167 1027 2227 ad·

24 2251 126 2313 icitur!
149 2250 284 2329 Disponit
300 2254 348 2331 qui
367 2253 496 2313 nuntient
516 2252 572 2313 sihi
587 2268 672 2331 quen
690 2251 859 2327 adsensum,
881 2268 956 2330 quos
971 2251 1028 2312 cla·

24 2351 117 2397 mores
142 2337 304 2412 excitarim,
325 2354 410 2414 quem
432 2345 567 2397 eventum
584 2335 680 2396 iudicii
699 2335 822 2396 tulerim.
853 2334 980 2414 Eadem,
1004 2336 1029 2398 si

24 2419 134 2498 quando
153 2421 263 2498 recito,
283 2421 312 2479 in
331 2421 461 2498 proximo
479 2419 605 2482 discreta
625 2419 692 2480 velo
706 2420 790 2482 sedet
805 2419 964 2500 laudesque
976 2437 1027 2481 no

24 2512 95 2565 etuas
109 2502 283 2566 avidissimis
302 2505 416 2566 nuribus
435 2507 550 2583 excipit
581 2503 693 2566 Versus
710 2504 825 2583 quidem
838 2523 922 2567 meos
936 2514 1055 2571 canuti

24 2589 107 2647 stiam
122 2586 280 2667 formatque
291 2588 408 2667 cithara,
420 2605 477 2649 nou
491 2589 598 2650 artiiice
609 2587 706 2668 aliquo
718 2587 842 2650 docente
853 2589 907 2650 sed
917 2607 1027 2667 amore,

24 2671 69 2748 qui
85 2672 222 2748 magister
236 2682 282 2733 est
298 2675 431 2751 optimus.
463 2671 516 2734 llis
536 2691 574 2734 eu
588 2676 681 2735 causis
702 2675 731 2732 ia
744 2690 828 2752 spem
843 2674 1054 2738 certissimus

24 2753 150 2816 udducor
158 2765 326 2834 perpetuom
338 2756 424 2818 uobis
433 2758 626 2835 maioremque
637 2759 665 2816 iu
677 2756 740 2818 dies
750 2756 870 2817 maman
882 2773 950 2816 esse
962 2773 1029 2815 con·

24 2837 157 2900 cordiam.
185 2838 250 2901 Non
269 2842 345 2901 enim
364 2849 487 2902 aetatem
500 2858 591 2900 meam
605 2850 653 2900 aut
668 2857 786 2919 corpus,
807 2857 883 2918 quae
895 2837 1029 2918 paulatim

24 2922 159 2983 occidunt
180 2941 214 2983 ac
236 2935 407 3003 senescunt,
430 2924 483 2985 sed
503 2923 624 3001 gloriam
641 2923 743 3002 diligit.
774 2922 838 2982 Nec
853 2922 929 2983 aliud
944 2923 1055 2989 doceto

24 3007 79 3067 tuis
94 3007 224 3068 manibus
240 3006 404 3086 educatam,
425 3008 481 3069 tuis
499 3009 664 3090 praeceptis
679 3008 852 3085 institutam,
868 3025 942 3087 quae
959 3007 1028 3069 nihil

23 3092 50 3149 iu
70 3089 258 3151 contubernio
279 3100 327 3151 tuo
348 3092 453 3152 viderit
473 3092 528 3153 uisi
550 3100 678 3153 sanctum
702 3091 930 3171 honestumque,
954 3111 1029 3171 quac

24 3173 149 3252 denique
165 3191 258 3235 amare
273 3191 318 3235 me
333 3194 370 3235 ex
385 3185 432 3236 tua
446 3175 659 3254 praedicatione
672 3178 862 3236 consueverit.
882 3175 1057 3256 Nemeum?

24 3266 141 3319 matrem
161 3275 252 3319 meam
273 3260 401 3337 parentis
421 3259 490 3320 loeo
510 3260 671 3334 verereris,
699 3276 745 3318 me
760 3276 777 3319 a
794 3261 916 3339 pueritia
935 3260 1030 3320 statim

24 3341 157 3417 ionmre,
175 3340 290 3403 laudare
306 3341 449 3424 talemque
464 3343 555 3423 qualis
570 3360 646 3403 nunc
658 3344 740 3403 uxori
753 3361 833 3404 meae
844 3345 947 3404 videor
958 3343 1028 3403 omi·

23 3426 85 3568 nauli
104 3424 231 3568 εοὶὲὴαε.
272 3423 408 3490 Certatim
427 3446 497 3505 ergo
522 3428 573 3489 tihi
592 3429 698 3507 gratias
721 3430 847 3506 egimus,
874 3445 931 3505 ego
954 3426 1058 3507 quod8

86 3529 138 3568 mu
177 3530 204 3568 Ρ.
