2400 3840
363 134 624 245 arrsronnnun
640 183 689 245 ππ.
712 194 739 247 a.
754 199 780 247 5.
969 188 983 213 ·
1027 185 1068 250 47

62 354 138 418 quae
159 336 237 397 solet
261 335 377 396 decreta
397 353 596 415 praecurrere.
628 336 698 398 Tum
718 354 775 423 ego
796 335 921 398 ‘desino’
944 341 1067 418 inquam,

62 427 174 501 ‘patres
196 421 368 500 conscripti,
387 429 488 499 putare
507 439 552 480 me
567 423 654 482 iustas
670 422 861 481 excusationis
880 434 986 484 causas
997 432 1067 483 attu-

62 505 156 565 lisse’.
192 503 301 564 Placuit
315 512 345 563 et
358 503 497 565 modestia
511 505 650 566 sermonis
667 514 697 564 et
712 506 793 565 ratio.
826 503 960 586 conpulit
975 513 1094 567 autema

63 607 108 649 me
121 587 158 648 ad
172 586 230 648 boc
244 587 393 648 consilium
405 605 462 647 non
477 587 569 649 solum
584 605 743 649 consensus
757 599 884 667 senatus,
903 608 1069 670 quamquam

44 672 111 734 ibic
124 673 267 750 anxium,
285 689 384 731 verum
400 680 429 731 et
446 670 492 731 alii
510 671 621 751 quidam
635 673 759 731 minores
776 671 829 731 sed
842 681 936 733 tamen
949 677 1067 734 numeri.

63 755 206 816 Veniebat
225 757 253 814 in
274 764 396 814 mentem
415 757 527 834 priores
546 764 660 815 nostros
682 756 765 815 etiam
785 755 960 832 singulorum
971 758 1067 836 hospi·

64 850 123 901 tum
144 840 258 898 iniurias
273 838 439 899 voluntariis
457 839 686 899 accusationibus
703 848 872 907 exsecutos;
896 857 952 918 quo
973 840 1067 902 delon·

64 925 137 983 mins
149 922 307 982 arbitrabar
318 921 427 1001 publici
444 921 550 1000 hospiti
566 923 626 982 iura
638 922 808 999 neglegere.
840 921 990 983 Praeterea
1007 933 1094 988 cumb

64 1006 236 1067 recordarer
257 1015 358 1084 quanta
379 1021 431 1082 pro
451 1004 542 1066 isdem
567 1005 690 1066 Raeticis
712 1008 862 1083 superiore
881 1006 1067 1068 advocatione

44 1093 150 1158 oetiam
165 1089 294 1169 pericula
308 1089 461 1166 subissem,
478 1090 700 1150 conservandum
712 1091 818 1149 veteris
836 1090 923 1150 oflicii
940 1093 1068 1151 meritum

65 1191 142 1235 novo
158 1172 314 1233 videbatur.
347 1170 401 1233 Est
416 1174 489 1233 enim
503 1176 541 1234 ita
556 1182 745 1253 comparatum
759 1183 790 1234 ut
809 1176 966 1253 antiquiora
981 1175 1067 1235 bene·

65 1259 131 1319 licia
145 1257 306 1335 subvertas,
322 1258 377 1317 nisi
389 1255 438 1317 illa
451 1259 658 1335 posterioribus
676 1257 819 1317 cumules:
836 1275 900 1318 nam
915 1259 1068 1338 quamlibet

65 1359 156 1420 saepe
179 1340 311 1419 obligati,
334 1340 442 1420 siquid
462 1358 546 1400 unum
565 1358 673 1418 neges,
695 1341 751 1400 boc
772 1340 1069 1403 solum-meminerunt

66 1425 145 1506 quod
160 1433 295 1502 negabam
315 1433 371 1485 est.
402 1423 536 1484 Ducebar
550 1427 632 1484 etiam
650 1424 725 1501 quod
741 1423 907 1504 decesserat
923 1424 1095 1492 Classicust

44 1515 247 1586 semotamque
265 1516 341 1586 erat,
365 1507 441 1586 quod
463 1510 490 1566 in
512 1506 649 1567 ciusmodi
665 1509 757 1567 causis
772 1507 847 1568 solet
862 1527 928 1569 esse
942 1511 1068 1570 tristissi-

65 1611 159 1670 mum,
186 1590 345 1671 periculum
366 1592 516 1651 senatoris.
548 1590 686 1651 Videbam
707 1608 777 1668 ergo
797 1591 975 1654 advocationi
987 1612 1068 1654 meae

66 1695 123 1738 ποπ
136 1677 274 1737 minorem
287 1677 406 1753 gratiam
417 1692 499 1754 quam
514 1676 538 1733 si
550 1677 662 1736 viveret
672 1675 722 1735 ille
736 1678 922 1755 propositam,
939 1676 1069 1737 invidiam

66 1760 180 1821 nullam.
203 1757 235 1819 la
251 1776 367 1837 summa,
385 1759 582 1837 conputabam,
602 1761 626 1818 si
640 1776 757 1819 munere
771 1759 826 1820 hoc
840 1763 894 1820 iam
907 1764 992 1821 tertio
1007 1762 1094 1824 lon-8

67 1862 171 1923 gerer,
194 1842 352 1903 faciliorem
368 1842 434 1902 mihi
457 1845 669 1903 excusationem
690 1843 770 1920 iore,
793 1846 899 1922 siquis
922 1845 1069 1906 incidisset

44 1941 152 2009 oquem
166 1945 224 1988 noa
238 1926 374 1987 deberem
388 1944 536 1988 accusare.
555 1925 626 1985 Nam
643 1945 706 1986 cum
720 1937 765 1988 est
781 1931 901 1988 omnium
912 1929 1069 1989 olliciomm

67 2014 130 2074 linis
145 2011 264 2091 aliquis,
285 2021 343 2071 arm
364 2012 469 2088 optime
488 2010 612 2071 libertati
626 2013 708 2071 venia
722 2012 861 2090 obsequio
878 2021 1069 2090 praeparatur.

66 2096 179 2157 Audisti
194 2094 305 2155 consilii
314 2094 372 2154 mei
383 2104 487 2173 motus,
505 2103 639 2171 superest
651 2092 784 2153 alterutra
797 2105 924 2173 exparte
938 2095 1095 2156 iudiciumtt

67 2189 160 2259 mum,
182 2181 280 2258 inquo
297 2178 363 2237 mihi
377 2195 469 2256 aeque
489 2177 610 2238 iucunda
627 2179 681 2237 erit
697 2176 863 2256 simplicitas
878 2178 1069 2239 dissentientis

68 2283 150 2346 quam
168 2262 371 2340 conprobantis
385 2262 546 2322 auctoritas.
578 2260 659 2320 Vale.

44 2363 60 2416 ⁵
554 2395 580 2454 v

291 2494 317 2545 C.
334 2493 459 2546 PLlNlUS
475 2493 593 2546 BAEBlO
611 2492 723 2544 otncoo
742 2492 801 2544 SUO
821 2493 848 2548 S.

72 2628 76 2639 ·
130 2599 296 2677 Pergratum
312 2608 357 2660 est
371 2599 437 2659 mibi
453 2599 529 2678 quod
544 2607 600 2658 tam
611 2597 764 2676 diligenter
774 2597 862 2658 libros
873 2597 1003 2657 avunculi
1016 2599 1096 2661 mcii

68 2682 182 2744 lectitas
197 2693 228 2743 ut
240 2683 346 2743 habere
358 2701 456 2744 omnes
467 2683 540 2745 velia
553 2700 730 2762 quaerasque
743 2684 790 2760 qui
801 2683 857 2741 sint
868 2698 976 2742 omnes.
998 2679 1097 2742 Fun-t

44 2785 120 2846 ogar
138 2765 241 2827 indicis
257 2767 383 2845 partibus
403 2776 487 2846 atque
508 2771 592 2829 etiam
605 2785 662 2846 quo
678 2768 734 2827 sint
749 2765 846 2826 ordine
861 2766 961 2841 scripti
975 2772 1071 2822 notum

69 2852 119 2912 tibi
135 2850 252 2911 faciam:
273 2860 319 2910 est
336 2852 409 2910 enim
424 2850 497 2910 baec
510 2868 625 2931 quoque
639 2850 774 2912 studiosis
789 2865 845 2909 non
859 2846 1008 2906 iniucunda
1023 2864 1071 2906 co·

69 2936 168 3013 guitic.
198 2933 256 2994 ‘De
274 2933 445 2995 iaculatione
460 2937 587 3014 equestri
602 2939 701 2995 unus':
726 2933 812 3010 bunc,
830 2949 893 2992 cum
908 2930 1099 3010 praefectust

69 3019 130 3080 alae
144 3018 295 3097 militaret,
310 3019 370 3097 pari
384 3020 498 3096 ingenio
516 3036 639 3096 curaque
662 3018 821 3096 conposuit.
846 3015 902 3076 ‘De
919 3018 977 3077 vita
991 3015 1072 3076 Pom-

69 3105 139 3181 poni
159 3101 287 3171 Secundi
308 3103 392 3172 duo';
413 3121 505 3181 aquo
527 3102 706 3180 singulariter
723 3111 828 3162 amatus
848 3099 906 3167 hoc
921 3101 1073 3162 memoriae

44 3189 152 3252 bamini
180 3189 260 3266 quasi
286 3187 410 3248 debitum
436 3204 536 3248 munus
558 3186 691 3248 exsolvit.
726 3184 883 3246 ‘Bellorum
909 3183 1098 3246 Germaniael

69 3272 202 3350 viginti'3
218 3271 319 3348 quibus
338 3273 430 3332 omnia
446 3289 519 3350 quae
532 3289 595 3331 cum
603 3269 747 3331 Germanis
763 3270 904 3345 gessimus
921 3268 998 3330 bella
1013 3266 1072 3327 col·

71 3355 153 3434 legit.
184 3353 348 3433 lncboarit,
366 3373 428 3415 cum
443 3357 472 3414 in
488 3354 633 3415 Germania
646 3353 796 3432 militaret,
809 3355 919 3414 somnio
935 3352 1075 3412 monitus:

70 3439 178 3500 adstitit
192 3441 220 3499 ei
235 3440 393 3517 quiescenti
408 3439 492 3501 Drusi
506 3438 631 3502 Neronis
646 3438 780 3520 elligies,
792 3439 847 3520 qui
861 3431 1097 3497 detinebaem-
