2400 3840
306 195 569 260 EPISTULARUM
585 197 903 265 wiltunensem.
1046 201 1107 266 193

545 350 663 412 XXXll.

385 450 412 502 0.
429 449 554 502 PLINIUS
568 451 696 504 ΤΙΤΙΑΝΟ
716 450 776 504 SUO
793 451 819 502 S.

163 553 241 628 Quid
254 550 339 631 agis?
356 553 423 633 quid
437 564 551 618 actums
566 555 620 618 esi
640 557 709 637 lpse
724 558 809 618 vitam
823 558 1062 637 iucundissimam,
1078 558 1108 620 id

97 648 144 701 est
159 639 376 716 otiosissimam,
391 639 468 698 vivo.
492 639 556 713 Quo
571 641 601 702 lit
616 652 646 703 ut
660 641 790 702 scribere
805 641 952 720 longiores
969 642 1107 722 epistulas

71 722 201 802 5nolim,
223 720 310 783 velim
331 719 449 800 legere,
472 722 542 784 illud
563 735 702 805 tamquam
719 724 874 803 delicatus,
896 725 953 787 hoc
968 735 1109 806 tamquam

98 809 234 950 οοιίοειίξ.1
246 804 323 866 Nihil
338 814 383 868 est
398 809 472 868 enim
488 817 535 869 aut
550 810 659 887 pigrius
674 808 804 870 delicatis
819 819 867 872 aut
883 812 1022 872 curiosius
1036 811 1108 871 otio·

97 909 147 954 sus.
207 908 262 952 ae.

539 991 670 1054 XXXlll.

381 1089 409 1143 o.
428 1091 554 1144 ruimus
572 1092 703 1144 unumne
721 1093 782 1145 suo
799 1093 826 1147 s,
899 1090 902 1093 ’

56 1198 90 1251 10
163 1190 253 1252 lucidi
267 1192 295 1251 in
310 1193 453 1252 materiam
467 1211 575 1272 veram,
591 1195 644 1256 sed
660 1195 827 1258 simillimam
844 1196 927 1257 lictae
940 1194 1133 1273 dignamquel

98 1277 155 1338 isto
171 1275 345 1355 laetissimo,
358 1275 512 1355 altissimo,
529 1277 671 1359 planeque
685 1281 804 1358 poetico
818 1281 944 1356 ingenio,
961 1278 1047 1339 incidi
1060 1297 1109 1339 au·

97 1369 175 1435 tem,
198 1358 263 1419 dum
283 1377 372 1439 super
393 1378 493 1422 cenam
512 1363 590 1422 varia
609 1363 744 1425 miracula
763 1363 830 1423 hinc
850 1361 917 1422 inde
936 1362 1108 1424 relemntur.

97 1442 202 1522 llagna
217 1446 327 1505 auctori
347 1444 435 1505 tides:
455 1448 568 1506 tametsi
584 1446 650 1524 quid
669 1453 776 1526 poetae
792 1464 855 1506 cum
871 1442 950 1506 lide?
972 1444 1000 1506 ls
1016 1455 1109 1506 tamen

98 1531 201 1589 auctor
222 1529 268 1587 cui
289 1527 432 1589 beneruel
451 1528 596 1590 historiam
616 1532 773 1610 scripturus
791 1529 973 1591 credidisses.
1007 1529 1061 1590 Est
1080 1530 1134 1597 ina

57 1622 90 1676 15
99 1611 199 1672 hirloa
214 1610 406 1692 Hipponensis
423 1612 551 1692 colonia,
570 1616 639 1674 mari
659 1617 803 1695 proxima:
821 1614 932 1675 adiacet
946 1612 1109 1691 navigabile

99 1706 245 1775 stagnum:
261 1715 299 1757 ex
313 1696 370 1758 hoc
384 1697 413 1756 in
427 1697 539 1759 modum
556 1697 676 1761 fluminis
692 1701 862 1761 aestuarium
878 1699 1015 1776 emergit,
1032 1696 1110 1776 quod

98 1782 165 1840 vice
180 1779 299 1859 alterna,
315 1788 401 1860 prout
415 1791 511 1843 aestus
527 1793 575 1844 aut
585 1785 727 1863 repressit
740 1793 788 1845 aut
802 1782 914 1864 inpulit,
932 1801 1007 1843 nuno
1022 1781 1108 1842 inier·

99 1873 146 1925 tur
160 1865 229 1924 mari
244 1881 318 1925 nunc
332 1863 459 1926 redditur
473 1877 586 1945 stagno.
609 1867 706 1928 Omnis
720 1868 768 1929 hio
782 1877 861 1928 aetas
875 1866 1015 1945 piscandi,
1032 1867 1136 1936 navi-3

100 1946 202 2027 gandi,
219 1957 305 2027 atque
320 1951 403 2009 etiam
413 1949 525 2011 natandi
541 1950 635 2011 studio
645 1961 769 2026 tenetur,
785 1951 905 2011 maxime
919 1952 1019 2028 pueri,
1036 1965 1109 2027 quos

56 2033 190 2094 boatium
209 2031 348 2112 lususque
369 2033 511 2096 sollicitat.
545 2034 596 2093 His
618 2034 710 2112 gloria
732 2044 761 2094 et
781 2037 870 2094 virtus
886 2033 1021 2093 altissime
1042 2048 1108 2110 pro·

99 2116 182 2177 uehi:
205 2117 298 2176 victor
315 2116 364 2176 ille
381 2119 429 2196 qui
443 2118 610 2196 longissime
627 2128 658 2180 ut
671 2118 737 2178 litus
752 2119 790 2178 ita
805 2116 886 2177 simul
901 2125 1028 2176 natantes
1042 2113 1109 2175 reli·

99 2203 171 2280 quit.
194 2199 257 2260 lloc
273 2203 426 2261 certamine
440 2219 513 2279 puer
529 2201 639 2281 quidam
654 2200 801 2262 audentior
813 2202 919 2264 ceteris
934 2202 962 2259 iu
974 2198 1136 2271 ulteriores

99 2283 245 2347 tendebat.
279 2283 440 2363 Delphinus
460 2287 602 2363 occurrit,
631 2294 660 2346 et
681 2303 756 2347 nune
777 2283 956 2364 praeoedere
977 2300 1108 2363 puerum,

99 2386 177 2429 nnnc
191 2368 291 2448 sequi,
310 2387 385 2429 nunc
403 2371 571 2448 circumire,
586 2379 734 2450 postremo
755 2371 869 2450 subire,
882 2367 1041 2448 deponere,
1057 2368 1109 2428 ite·

57 2461 163 2515 aarum
180 2453 295 2530 subire,
316 2453 563 2534 trepidantemque
582 2455 713 2534 perferre
730 2456 849 2533 primum
869 2455 898 2514 in
914 2452 1017 2532 altum,
1041 2458 1110 2513 mox

100 2537 193 2599 ilectit
206 2535 242 2596 ad
256 2535 323 2597 litus
334 2537 485 2618 redditque
500 2547 593 2600 terrae
608 2548 638 2600 et
652 2538 828 2619 aequalibus.
850 2538 948 2616 Serpit
961 2555 1016 2617 per
1028 2535 1136 2606 colos

100 2624 175 2682 niam
189 2621 277 2682 lama:
299 2631 473 2684 concurrere
488 2626 603 2700 omnes,
626 2625 718 2704 ipsum
739 2641 858 2702 puerum
872 2631 1012 2701 tamquam
1027 2621 1108 2680 mira·

102 2705 198 2767 culum
213 2706 357 2785 aspicere,
373 2707 568 2785 interrogare,
583 2707 692 2786 audire,
708 2725 831 2768 narrare.
861 2705 980 2767 Postero
997 2702 1044 2762 die
1059 2702 1110 2762 oh·

101 2790 197 2852 sident
211 2788 295 2868 litus,
317 2801 504 2870 prospectant
517 2809 594 2851 mare
610 2799 643 2851 et>
654 2792 680 2851 si
695 2789 762 2869 quid
779 2798 825 2850 est
840 2789 908 2848 mari
922 2785 1023 2849 simile.
1054 2784 1110 2845 Na·

57 2883 161 2944 aotant
181 2875 279 2952 pueri:
300 2875 373 2935 inter
392 2876 446 2936 hos
468 2875 534 2950 ille,
562 2873 614 2934 sed
635 2875 755 2935 cantius.
786 2871 947 2950 Delphinus
961 2886 1059 2930 rursus
1075 2868 1112 2930 ad

101 2968 234 3038 tempus,
256 2977 355 3021 rursus
370 2959 405 3019 ad
420 2974 539 3039 puerum
550 2958 638 3018 venit.
660 2957 746 3036 Fugit
760 2957 810 3016 ille
825 2973 889 3016 cum
905 2955 1020 3015 ceteris.
1041 2952 1110 3014 Del·

100 3043 215 3124 phinus,
232 3044 312 3123 quasi
327 3044 426 3106 invitet
441 3054 471 3104 et
485 3051 621 3121 revocet,
638 3041 734 3121 exilit,
750 3041 887 3119 mergitur
900 3041 1052 3118 variosque
1065 3057 1110 3100 or-

101 3129 156 3188 bes
172 3127 311 3208 inplicitat
326 3128 509 3209 expeditque.
533 3126 596 3187 lloo
610 3126 702 3187 altero
717 3126 779 3204 die,
795 3124 852 3186 hoc
864 3126 959 3201 tertio,
978 3122 1034 3184 hoc
1047 3123 1138 3203 plu-6

101 3211 198 3289 ribus,
227 3211 321 3272 donee
340 3211 471 3273 homines
490 3213 639 3286 innutritos
657 3213 725 3272 mari
747 3211 855 3272 subiret
874 3208 989 3269 timendi
1007 3207 1109 3287 pudor.

59 3295 253 3358 35Accedunt
269 3305 299 3355 et
316 3294 450 3358 adludunt
465 3304 494 3356 et
509 3295 670 3377 appellant,
691 3304 810 3374 tangunt
825 3295 908 3354 etiam
923 3298 1110 3371 pertractant·

104 3398 161 3460 que
181 3379 377 3459 praebentem.
403 3379 517 3440 Crescit
536 3381 652 3441 audacia
668 3380 873 3456 experimento.
902 3376 1024 3438 Maxime
1039 3392 1112 3454 puer

104 3465 153 3542 qni
163 3466 271 3543 primus
281 3473 418 3544 expertus
429 3473 474 3526 est
488 3463 641 3526 adnatantis
656 3463 744 3523 insilit
759 3471 853 3542 tergo,
869 3461 960 3606 lerltqr
973 3458 1110 3519 retertur-

145 3553 220 3606 l'uuu
236 3553 285 3607 Er.
