2400 3840
418 177 792 244 numentanorum.
1064 180 1099 250 31

97 333 249 395 crimarunr
262 333 463 411 peritissimus,
480 332 601 431 quodam
617 332 696 393 velut
708 343 795 394 vento
809 335 998 395 miserationis
1013 336 1104 436 inple-

95 419 147 478 vit
167 414 272 495 blegne
285 418 441 494 contentio,
456 418 550 494 magni
564 418 704 495 utrimque
721 418 871 495 clamores,
886 417 949 478 aliis
966 423 1104 498 cognitio-
1093 431 1129 486 -4

96 519 163 562 nem
177 509 295 562 senatus
316 499 383 578 lege
404 500 567 561 conclusam
583 500 644 561 aliis
659 502 776 562 liberam
791 502 968 581 solutamque
986 503 1111 578 dicent

96 585 163 664 bus,
182 594 375 664 quantumque
391 584 552 646 admisisset
565 603 632 646 reus
647 595 753 646 tantum
768 585 973 646 vindicandum.
1000 585 1127 654 Novis-5

73 672 167 730 bsime
190 668 293 729 consul
314 668 478 746 designatus
500 668 587 729 lulius
608 668 721 747 Ferox,
748 671 792 729 vir
810 678 908 730 rectus
928 680 958 731 et
974 682 1102 751 sanctus,

96 752 186 814 llario
204 751 318 831 quidem
338 752 448 813 iudices
464 754 576 813 interim
598 755 709 815 censuit
730 752 854 830 dandos,
877 754 1040 817 evocandos
1056 776 1103 817 nu·

96 848 155 901 tem
167 835 272 916 quibus
285 835 429 896 diceretur
438 838 629 897 innocentium
640 855 748 916 poenas
760 836 935 897 vendidisse.
947 837 1027 911 Quae
1038 847 1127 902 sen-6

97 922 186 981 tentia
196 937 255 980 non
271 918 429 1000 praevaluit
445 920 547 998 modo,
567 920 619 981 sed
633 923 745 981 omnino
760 932 826 1000 post
841 929 931 982 tantas
948 921 1102 984 dissensio-

98 1024 150 1066 nes
165 1005 220 1064 iuit
233 1003 296 1065 sola
309 1004 462 1083 frequens,
480 1004 698 1084 adnotatumque
714 1006 915 1083 experimentis
931 1005 1008 1083 quod
1022 1006 1102 1067 lavor

59 1099 127 1152 lbet
146 1088 344 1150 misericordia
363 1105 446 1148 acres
466 1097 496 1149 et
512 1088 698 1151 vehementes
715 1091 821 1168 primos
843 1090 965 1167 impetus
985 1089 1101 1170 habent,

96 1171 232 1253 paulatim
250 1170 371 1233 consilio
391 1181 420 1232 et
436 1174 545 1233 ratione
567 1175 647 1252 quasi
667 1175 804 1233 restincta
826 1172 983 1234 considunt.
1020 1173 1127 1236 Undel

96 1258 194 1317 evenit
214 1265 245 1316 ut
266 1254 343 1334 quod
363 1255 442 1315 multi
458 1255 582 1317 clamore
596 1259 738 1336 permixto
753 1266 868 1317 tuentur
881 1274 965 1316 nemo
983 1262 1101 1320 tacenti-

96 1340 151 1401 bus
168 1341 275 1400 ceteris
290 1339 388 1400 dicere
398 1339 484 1399 velit:
500 1343 623 1419 patescit
639 1342 724 1417 enim,
743 1358 806 1399 curn
822 1342 962 1418 separaris
977 1343 1098 1419 aturba,

97 1422 302 1502 contemplatio
318 1441 497 1502 rerumquae
512 1424 593 1484 turba
606 1432 749 1500 teguntur.
776 1423 921 1483 Venerunt
936 1426 983 1502 qui
998 1424 1127 1486 edesse8

60 1523 88 1577 15
96 1518 177 1569 erant
194 1508 282 1585 iussi,
298 1505 431 1568 Vitellius
446 1505 606 1568 Honoratus
621 1517 650 1567 et
666 1506 780 1568 Flavius
795 1505 967 1567 Marcianus·
987 1526 1024 1567 ex
1040 1512 1100 1573 nub

96 1593 152 1653 bus
162 1590 324 1653 Honoratus
336 1593 473 1652 trecentis
486 1591 597 1652 milibus
610 1590 723 1651 exilium
734 1592 838 1670 equitis
844 1589 962 1650 llomani
975 1601 1099 1670 septenn-

97 1695 155 1756 qne
176 1676 331 1736 amicorum
348 1677 411 1735 eius
430 1673 553 1735 ultimam
575 1692 706 1754 poenam,
724 1673 883 1736 Marcianus
898 1676 979 1735 unius
995 1679 1099 1755 equitis

96 1760 217 1820 Romani
231 1761 421 1839 septingentis
442 1759 555 1820 milibus
576 1758 656 1838 plura
674 1758 814 1838 supplicia
829 1759 1001 1837 argnrebatur
1015 1763 1098 1822 emis·

96 1862 146 1905 se:
162 1853 223 1905 erat
237 1845 312 1903 enirn
325 1843 448 1904 fustibus
464 1861 582 1921 caesus,
598 1843 741 1905 damnatus
755 1845 783 1902 in
797 1842 952 1920 metallum,
969 1852 1097 1924 strangu·

55 1927 171 1992 boletus
186 1929 216 1988 in
230 1945 358 1988 emere.
391 1925 450 1987 Sed
465 1925 637 1988 llonoratum
655 1928 809 2006 cognitioni
825 1937 940 1988 senatus
955 1945 1031 1989 mors
1048 1935 1124 2008 op-9

94 2011 383 2093 portunasubtrexit,
402 2008 560 2072 Marcianus
574 2011 704 2072 inductus
722 2021 766 2071 est
781 2010 900 2072 absente
917 2011 1024 2071 Prisco.
1044 2012 1097 2073 lta·

95 2114 152 2175 qne
174 2094 298 2155 Tuccius
319 2093 438 2155 Cerialis
462 2093 619 2156 consularis
641 2097 700 2168 iure
723 2097 866 2155 senatorio
890 2095 1044 2172 postulavit
1068 2106 1098 2156 ut

93 2179 211 2240 Priscus
224 2180 329 2239 certior
345 2180 437 2255 lieret,
453 2180 515 2238 sive
532 2180 596 2257 quia
612 2177 856 2255 miserabiliorem,
872 2180 934 2238 sive
950 2179 1014 2256 quia
1028 2181 1097 2237 invi-

94 2263 251 2325 diosiorem
265 2263 328 2323 fore
340 2262 535 2338 arbitrabatur,
549 2265 573 2322 si
584 2280 722 2341 praesens
733 2262 846 2339 luisset,
865 2263 937 2339 sive,
954 2262 1031 2339 quod
1040 2280 1097 2323 ma·

52 2349 169 2415 amma
186 2346 291 2424 credo,
312 2347 377 2425 quia
391 2348 590 2424 aequissimum
610 2355 671 2406 erat
686 2363 833 2406 commune
852 2347 958 2407 crimen
972 2346 1006 2406 ab
1020 2357 1097 2407 utro·

94 2449 151 2510 que
167 2430 294 2508 delendi,
310 2438 340 2490 et
354 2432 379 2491 si
394 2430 461 2490 dilui
476 2447 532 2490 non
543 2432 695 2510 potuisset,
709 2433 738 2490 in
749 2440 870 2510 utroque
881 2432 982 2509 puniri.
1004 2430 1098 2492 Dilata
1107 2442 1140 2494 10

92 2534 141 2576 res
159 2524 206 2576 est
221 2516 250 2575 in
263 2515 422 2594 proximum
436 2524 580 2592 senatum,
597 2516 677 2574 cuius
689 2517 752 2593 ipse
768 2525 942 2594 conspectus
957 2517 1098 2592 augustis·

92 2601 182 2661 simus
197 2597 259 2659 luit
281 2598 418 2678 Princeps
432 2599 628 2678 praesidebat;
643 2609 703 2659 erat
718 2601 792 2659 enim
804 2598 919 2660 consul:
934 2599 969 2658 ad
984 2598 1041 2658 boc
1054 2598 1118 2659 la·

92 2685 209 2744 nnarius
224 2683 333 2743 mensis
355 2700 419 2742 cum
434 2693 531 2744 cetera
544 2692 602 2744 tum
618 2684 773 2761 praecipue
788 2693 948 2744 senatorum
963 2682 1097 2760 frequen-

10 2752 131 2833 dolia
143 2765 365 2829 celeberrimus:
376 2776 526 2846 praeterea
538 2784 640 2827 causae
650 2767 802 2846 amplitudo
814 2776 952 2844 auctaque
965 2764 1097 2826 dilatione

94 2851 262 2931 expectatio
276 2860 306 2911 et
316 2851 406 2910 fama'
398 2853 567 2929 insitumque
578 2849 740 2911 mortalibus
755 2849 875 2911 studium
884 2866 983 2925 magna
996 2851 1046 2908 et'
1038 2867 1097 2908 mu·

93 2938 176 2997 sitatu
196 2935 335 2997 noscendi
356 2953 454 2998 omues
469 2935 592 3015 undique
609 2935 762 2994 exciverat.
785 2933 940 3010 Imaginare
956 2950 1028 3010 quae
1040 2933 1097 2994 sol·
1106 2945 1139 2998 11

92 3019 214 3081 licitudo
228 3019 329 3098 nobis,
352 3021 399 3097 qui
412 3029 522 3098 metus,
545 3019 647 3096 quibus
663 3036 750 3095 super
764 3026 838 3077 tanta
854 3034 886 3076 re
901 3017 930 3075 in
945 3015 995 3075 illo
1011 3027 1097 3078 coetu

92 3112 249 3184 praesente
265 3101 389 3164 Caesare
404 3103 553 3163 dicendum
565 3111 633 3162 erat.
662 3101 802 3180 Equidem
818 3103 847 3161 in
861 3111 961 3162 senatu
975 3119 1031 3161 uon
1049 3121 1096 3163 se·

52 3187 151 3251 tumel
168 3189 234 3266 egi,
250 3188 318 3266 quin
334 3189 418 3247 immo
435 3204 572 3266 nusquam
587 3187 674 3247 audiri
689 3186 839 3264 benignius
852 3184 952 3262 soleo,
967 3195 1035 3245 tunc
1050 3202 1096 3243 me

91 3281 188 3332 tamen
204 3281 235 3332 ut
252 3288 326 3331 nova
346 3273 437 3332 omnia
451 3289 525 3332 novo
543 3279 619 3331 metu
639 3271 854 3351 permovebant.
886 3268 1138 3330 obversabaturm

92 3365 210 3435 praeter
222 3354 272 3416 illa
283 3374 355 3434 quae
368 3357 520 3435 supradixi
533 3374 635 3416 causae
647 3353 812 3415 difficultas:
830 3355 921 3416 stabat
932 3352 1016 3413 modo
1029 3370 1096 3412 eon·

94 3438 216 3520 solaris,
239 3440 325 3500 modo
344 3442 500 3521 septemvir
515 3440 684 3520 epulonum,
706 3439 760 3500 iam
776 3450 913 3500 neutrum.
941 3435 1009 3498 mat
1023 3451 1095 3513 ergo
1104 3436 1138 3491 13
