2400 3840
304 203 568 265 EPISTULARUM
580 204 658 264 vill.
677 215 841 267 onnam.
1013 205 1074 271 173

66 365 114 418 tus
130 356 159 440 in
174 355 305 434 petendis
319 354 474 417 honoribus
490 356 596 417 iuerat:
617 355 653 417 ad
672 356 728 417 boc
752 359 791 417 ita
807 375 852 418 me
867 356 1021 436 diligebat,
1037 358 1075 420 ita
1138 418 1139 424 ,

66 439 224 500 verebatur
236 448 266 498 ut
280 457 325 499 me
340 438 494 500 formatore
508 457 634 516 morum,
660 458 706 500 me
727 441 808 518 quasi
827 442 963 518 magistro
978 451 1073 503 utere·

67 532 123 585 tur.
144 522 248 583 Rarum
268 523 324 582 boc
345 525 374 582 iu
393 523 624 585 adulescentibus
646 525 761 584 nostris.
792 522 864 583 Nam
878 533 981 603 quotus
997 527 1101 605 quis-3

68 625 125 686 que
141 605 190 666 vel
209 607 294 666 aetati
314 605 430 666 alterius
451 606 499 667 vel
515 608 674 667 auctoritati
694 616 725 668 ut
744 608 835 667 minor
853 604 951 669 ceditl
973 608 1074 670 Statim

44 691 193 769 asapiuut,
208 690 302 751 statim
319 690 412 751 sciunt
426 693 534 768 omnia,
551 692 691 751 neminem
705 700 852 768 verentur,
869 692 1010 751 imitantur
1024 712 1074 753 ne·

67 775 172 834 minem
189 783 275 853 atque
296 774 352 852 ipsi
372 774 426 835 sibi
448 774 579 853 exempla
598 785 673 835 sunt.
705 774 764 835 Sed
784 791 841 834 non
856 773 974 852 Avitus,
993 770 1074 837 cuius

67 858 142 918 baec
158 859 312 935 praecipua
326 857 491 936 prudentia,
518 858 594 936 quod
614 858 685 918 alios
707 857 906 937 prudentiores
922 858 1074 920 arbitraba·

66 949 130 1019 tur,
152 939 225 1000 baec
245 941 400 1020 praecipua
421 941 559 1020 eruditio,
582 941 660 1020 quod
675 942 788 1003 discere
802 940 929 1002 volebat.
952 941 1100 1021 Semper4

67 1024 119 1084 ille
134 1033 182 1084 aut
197 1024 233 1085 de
249 1024 349 1086 studiis
364 1023 469 1104 aliquid
483 1034 530 1086 aut
544 1025 579 1085 de
595 1025 698 1087 officiis
713 1027 788 1086 vitae
804 1024 984 1104 consulebat,
1000 1045 1074 1088 sem·

44 1120 124 1188 uper
138 1109 176 1168 ita
190 1107 346 1169 recedebat
366 1119 397 1170 ut
418 1109 519 1169 melior
532 1108 635 1187 factus,
653 1119 683 1170 et
698 1119 758 1171 erat
773 1109 866 1171 iactus
882 1108 931 1169 vel
946 1127 982 1170 eo
997 1110 1075 1190 quod

67 1191 196 1262 audierat
220 1191 269 1251 vel
295 1191 371 1272 quod
392 1193 503 1253 omnino
525 1195 695 1272 quaesierat.
728 1191 813 1266 Quod
834 1192 883 1253 ille
904 1193 1099 1272 obsequium5

69 1273 224 1352 Serviano,
241 1277 423 1337 exactissimo
437 1278 515 1354 viro,
531 1277 685 1356 praestitit!
710 1294 794 1355 quem
809 1276 933 1355 legatum
946 1279 1073 1338 tribunus

66 1361 107 1421 ita
122 1368 152 1420 et
166 1358 306 1420 intellexit
320 1370 350 1420 et
365 1361 442 1439 cepit
456 1370 487 1420 ut
498 1379 535 1420 ex
550 1359 695 1421 Germania
708 1361 737 1419 in
749 1359 916 1420 Pannoniam
928 1369 1074 1420 transeun-

67 1452 128 1503 tem
140 1459 196 1503 non
213 1452 242 1503 ut
260 1443 413 1504 commilito
431 1443 483 1505 sed
499 1453 528 1505 ut
545 1461 642 1504 comes
658 1442 876 1521 adsectatorque
892 1452 1071 1520 sequeretur.

44 1525 134 1600 oQua
149 1526 301 1605 industria,
319 1545 373 1606 qua
392 1527 531 1589 modestia
545 1537 681 1607 quaestor
695 1526 859 1587 consulibus
878 1527 936 1586 suis
949 1527 996 1605 (et
1009 1525 1072 1603 plu·

67 1629 116 1671 res
131 1609 241 1691 babuit)
256 1629 313 1671 non
327 1613 417 1672 minus
429 1612 571 1679 iucundus
587 1621 616 1672 et
626 1621 723 1689 gratus
739 1629 820 1690 quam
835 1609 911 1671 utilis
924 1609 988 1670 tuit!
1007 1609 1072 1684 Quo
1124 1672 1127 1677 ,

68 1695 217 1773 discursu,
241 1713 295 1774 qua
316 1695 474 1774 vigilantia,
497 1697 569 1757 banc
583 1696 674 1774 ipsam
688 1694 877 1774 aedilitatem,
894 1695 939 1754 cui
955 1712 1071 1773 praere-

67 1787 135 1859 ptus
157 1787 220 1856 est,
239 1779 334 1856 petiit!
357 1780 433 1858 quod
450 1779 497 1840 vel
518 1781 637 1840 maxime
660 1778 788 1839 dolorem
806 1797 899 1839 meum
914 1778 1071 1839 exulcerat.

68 1860 263 1922 Obversantur
278 1862 369 1924 oculis
386 1866 461 1925 cassi
477 1863 590 1924 labores
603 1871 633 1924 et
646 1863 838 1924 infructuosae
855 1880 959 1944 preces
976 1872 1006 1922 et
1020 1864 1099 1930 boo

44 1956 123 2007 onor
137 1964 222 2025 quem
239 1950 341 2007 meruit
357 1956 472 2007 tantum.
502 1946 587 2008 Redit
602 1948 693 2006 animo
709 1945 758 2007 ille
776 1946 849 2007 latus
865 1944 962 2005 clavus
977 1945 1006 2004 in
1021 1964 1071 2024 pe·

66 2029 181 2090 natibus
195 2030 267 2092 meis
280 2041 419 2110 sumptus,
432 2030 553 2091 redeunt
566 2028 615 2088 illa
628 2032 734 2109 prima,
754 2028 803 2089 illa
814 2037 959 2108 postrema
972 2029 1071 2089 suum-

66 2115 113 2192 gia
134 2130 215 2192 mea,
233 2113 276 2173 illi
296 2133 459 2191 sermones,
484 2113 550 2174 illae
568 2111 801 2173 consultationes.
834 2111 961 2171 Adiicior
975 2110 1095 2180 adulo-‘1

66 2198 178 2257 scentia
192 2199 298 2277 ipsius,
320 2199 437 2259 adficior
452 2196 694 2258 necessitudinum
708 2214 786 2257 casu.
817 2195 886 2257 Erat
899 2193 940 2254 illi
957 2195 1071 2273 grandis

66 2290 132 2341 natu
148 2298 264 2360 parens,
277 2292 337 2342 erat
352 2301 441 2359 uxor,
465 2300 547 2361 quam
561 2290 626 2342 ante
641 2299 741 2341 annum
754 2280 893 2359 virginem
905 2289 1070 2358 acceperat,

44 2364 219 2443 seracula,
241 2384 323 2445 qnam
343 2366 428 2446 paulo
449 2376 514 2427 ante
531 2363 694 2426 sustulerat.
729 2364 783 2425 Tot
803 2382 891 2444 spes,
912 2374 955 2424 tot
970 2364 1071 2442 gaudia

66 2448 129 2510 dica
144 2467 217 2508 unus
227 2451 255 2508 in
266 2450 386 2511 adversa
398 2452 545 2511 convertit.
567 2447 654 2509 blodo
665 2449 828 2528 designatus
840 2446 951 2527 aedilis,
966 2461 1098 2516 recensa

64 2532 200 2611 maritus,
214 2551 318 2595 recens
334 2542 431 2613 pater,
450 2536 584 2595 intactum
598 2533 753 2612 honorem,
772 2533 869 2604 orbam
882 2540 1015 2609 matrem,
1029 2533 1070 2592 vi·

65 2615 149 2676 duam
163 2621 294 2695 uxorem,
313 2619 395 2678 filiam
407 2618 542 2698 pupillam
557 2619 681 2696 ignaram
696 2619 752 2696 avi,
768 2619 855 2697 patris
870 2616 993 2695 reliquit.
1013 2615 1069 2676 Ac·

66 2699 144 2760 oedit
160 2699 283 2761 lacrimis
305 2705 376 2762 meis
399 2702 475 2781 quod
495 2704 599 2764 absens
623 2711 653 2762 et
675 2702 856 2781 inpendentis
875 2698 941 2759 mali
954 2700 1070 2760 nescius

44 2785 175 2862 ppariter
189 2802 316 2864 aegmm,
334 2789 439 2865 pariter
453 2786 620 2848 decessisse
635 2787 774 2864 cognovi,
792 2804 828 2845 ne
839 2783 1006 2860 gravissimo
1021 2780 1070 2841 do·

65 2867 121 2927 lori
139 2876 271 2948 tempore
294 2887 526 2932 consuescerem.
556 2869 588 2929 ln
609 2870 693 2929 tantis
716 2869 864 2930 tormentis
886 2881 979 2942 eram,
1007 2882 1071 2925 oum

66 2953 226 3013 scriberem
245 2953 337 3032 baec,
359 2955 516 3015 scriberem
535 2951 613 3021 sola;
636 2970 731 3032 neque
753 2954 828 3013 enim
844 2967 918 3010 nunc
932 2946 1008 3008 aliud
1023 2957 1071 3010 aut

67 3036 196 3113 cogitare
211 3047 258 3098 aut
271 3037 349 3117 loqui
362 3055 491 3119 possum.
520 3036 602 3097 Vale.

44 3215 57 3268 s
509 3170 629 3234 xxun.

345 3273 373 3328 (l.
392 3273 517 3325 PLINIUS
535 3272 667 3323 MAXIMO
686 3271 747 3324 SUO
766 3271 793 3321 S.

127 3375 217 3435 Amor
236 3374 265 3434 in
281 3383 311 3435 te
332 3391 413 3436 meus
435 3377 530 3454 cogit,
557 3393 614 3434 non
637 3383 666 3435 ut
683 3374 855 3454 praecipiam
873 3369 1107 3452 (nequeenim

67 3469 259 3538 praeceptore
280 3459 378 3538 eges),
396 3459 562 3522 admoneam
581 3469 698 3542 tanuen,
714 3467 750 3520 ut
766 3476 845 3541 quae
864 3457 1053 3516 adisteueas
1066 3457 1104 3505 ex
