2400 3848
287 198 549 265 EPISTULARUM
564 209 695 268 os-ts.
714 203 867 280 [ibe-'ifl-
879 204 933 280 1⁶·l
1048 203 1110 266 223

105 355 243 433 iusseris,
265 365 386 434 propter
404 355 644 434 opportunitatem
658 352 716 414 loci
737 370 791 432 pro
805 371 914 415 summo
928 371 1047 415 munere
1062 373 1109 417 ac·

107 441 205 520 cipiet.
226 437 302 518 Ego,
320 441 346 500 si
360 440 537 517 permiseris,
554 439 652 515 cogito
666 439 695 497 in
708 454 774 498 area
788 455 877 500 vacua
889 437 1030 500 balineum
1042 445 1136 500 con-3

107 525 223 602 locare,
244 541 309 584 eum
329 531 423 583 autern
444 523 540 582 locum
561 524 589 582 in
607 539 664 600 quo
686 521 814 582 aedilicia
830 521 945 583 luerunt
960 521 1065 584 exedra
1079 532 1109 585 et

108 609 266 688 porticibus
282 606 416 686 amplecti
430 616 517 687 atque
532 605 582 665 tibi
597 623 780 683 consecrare,
797 607 877 666 cuius
890 606 1032 667 benelicio
1048 606 1108 668 ele·

81 707 177 771 figens
192 708 264 771 opus
282 691 458 770 dignumque·
470 688 591 750 nomine'
604 698 653 750 tuo
677 689 735 749 liet.
765 687 920 768 Exemplar
934 693 1134 769 testamenti,¹l

107 792 273 856 quamquam
285 773 469 852 mendosum,
484 773 547 834 misi
565 773 630 842 tibi;
650 791 687 832 ex
703 789 759 851 quo
775 789 937 850 cognosces
952 773 1038 835 multa
1054 773 1107 834 Po·

106 859 237 935 lyaenum
250 859 279 918 in
295 858 423 920 eiusdem
439 858 538 918 domus
550 865 676 917 omatum
690 855 856 936 reliquisse,
873 875 946 936 quae
962 866 992 918 ut
1008 857 1107 918 domus

105 945 168 1021 ipsa
185 944 348 1022 perierunt,
365 961 381 1004 a
394 959 440 1004 me
455 952 564 1018 tamen,
580 941 755 1019 inquantum
766 942 901 1020 potuerit,
917 942 1107 1021 requirentur.

468 1072 568 1135 uxxr.
585 1072 734 1152 [uxxm]

442 1171 604 1224 TRAIANUS
619 1173 725 1224 PLINIO
743 1172 769 1224 S.

167 1276 321 1338 Possumus
341 1275 414 1355 apud
434 1275 593 1336 Prusenses
611 1293 677 1335 area
697 1276 752 1336 ista
772 1293 836 1335 curn
853 1276 937 1337 domo
957 1276 1105 1357 conlapsa,

105 1376 187 1439 quam
202 1375 305 1420 vacare
320 1359 441 1437 scribis,
456 1359 491 1420 ad
506 1359 714 1418 extructionem
729 1358 832 1419 balinei
846 1361 894 1419 uti.
923 1358 998 1420 lllud
1012 1370 1106 1421 tamen

104 1461 201 1523 parum
223 1443 391 1521 expressisti
410 1460 445 1503 au
465 1440 553 1502 aedes
572 1441 601 1500 ln
621 1440 771 1520 peristylio
787 1440 905 1502 Claudio
926 1442 1001 1504 lacta
1016 1453 1104 1514 esset.

62 1538 95 1590 15
103 1525 174 1669 qu
194 1527 220 1587 si
242 1526 317 1586 iacta
337 1534 399 1603 est,
423 1524 493 1586 licet
516 1522 653 1603 conlapsa
672 1525 726 1602 sit,
751 1524 854 1602 religio
877 1527 938 1588 eius
955 1528 1106 1606 occupauit

104 1626 138 1672 so
150 1628 205 1670 um.

65 1117 99 1169 10

458 1739 571 1803 uxum.
586 1739 745 1821 [saxum]

333 1841 360 1895 G.
377 1841 502 1893 PLINIUS
516 1842 658 1893 TRAIANO
675 1841 882 1897 IMPERATOBJ.

60 1955 96 2008 20
166 1944 377 2007 Postulantibus
400 1944 567 2025 quibusdam
583 1955 614 2005 ut
635 1945 671 2005 de
693 1946 883 2023 agnoscendis
903 1945 1001 2008 liberis
1021 1951 1104 2010 resti·

103 2028 273 2108 tuendisque
285 2028 423 2090 natalibus
437 2037 467 2089 et
478 2027 633 2089 seeundum
644 2028 794 2107 epistulam
805 2028 955 2090 Domitiani
969 2032 1103 2110 scriptam

103 2108 218 2172 Minicio
234 2111 308 2172 Rufo
324 2122 354 2173 et
375 2110 531 2173 secundum
551 2111 683 2190 exempla
696 2111 900 2191 proconsulum
914 2114 978 2192 ipse
994 2130 1102 2192 cogno·

103 2212 228 2273 scerem,
245 2197 361 2275 respexi
376 2194 411 2256 ed
425 2204 542 2256 senatus
559 2193 719 2255 consultum
733 2197 880 2275 pertinens
894 2195 928 2255 ad
941 2197 1041 2258 eadem
1052 2216 1103 2275 ge·

102 2295 171 2340 nera
186 2296 347 2356 causarum,
370 2278 447 2357 quod
461 2279 499 2340 de
515 2279 550 2340 iis
568 2287 675 2339 tautum
690 2280 845 2359 provinciis
859 2279 984 2358 loquitur
1001 2283 1103 2361 quibus

59 2376 94 2429 25
102 2362 293 2442 proconsules
310 2372 459 2443 praesunt;
480 2362 604 2442 ideoque
618 2380 679 2423 rem
692 2365 831 2442 integram
845 2362 956 2443 distuli,
979 2366 1044 2426 dum
1060 2375 1103 2447 tu,

103 2445 226 2526 domiue,
242 2448 426 2527 praeceperis
441 2447 508 2526 quid
523 2447 678 2507 observare
692 2465 738 2508 me
752 2447 833 2508 velis.

446 2578 757 2678 taxum-[mxuma]

430 2678 594 2731 TRAIANUS
616 2681 723 2732 PLINIO
745 2679 771 2731 S.

58 2797 95 2853 30
163 2778 194 2839 Si
208 2779 274 2840 mibi
288 2789 402 2842 senatus
418 2780 578 2844 consultum
591 2785 720 2861 miseris,
736 2782 813 2861 quod
824 2781 1038 2843 haesitationem
1052 2783 1103 2843 tibi

102 2863 183 2942 lecit,
199 2865 354 2926 aestimabo
373 2882 409 2925 an
424 2864 530 2928 debeas
548 2883 728 2945 cognoscere
747 2865 783 2926 de
797 2864 988 2944 agnoscendis
1002 2864 1101 2930 liberis

102 2957 132 3009 et
145 2947 283 3011 natalibus
298 2948 377 3011 veris
390 2950 582 3012 restituendis.

472 3081 612 3145 ffllffl·
634 3081 730 3163 [xm]

56 3208 91 3264 35
319 3182 347 3236 G.
367 3180 494 3234 PLINIUS
512 3181 655 3234 TRAIANO
672 3180 883 3232 IMPERATORI.

161 3282 334 3362 Appuleius,
351 3283 474 3362 domine,
491 3283 584 3361 miles,
602 3284 650 3362 qui
662 3291 707 3345 est
718 3283 746 3342 in
757 3283 878 3344 statione
888 3281 1126 3363 Nicomedensi,1

101 3367 217 3445 scripsit
234 3367 302 3428 mibi
322 3367 460 3446 quendam
478 3369 590 3429 nomine
605 3364 822 3446 Callidromum,
843 3385 906 3428 cum
928 3366 1103 3428 detineretur

99 3468 117 3510 a
132 3447 254 3512 llodmo
274 3459 305 3512 et
319 3449 459 3528 Dionysio
473 3450 645 3531 pistoribus,
668 3450 769 3533 quibus
787 3468 891 3533 operas
906 3468 976 3512 suas
985 3448 1107 3509 leem-
