2400 3840
368 200 632 263 EPISTULARUM
645 202 693 263 vl.
716 213 759 266 21.
776 214 819 266 22.
1045 204 1106 271 12³

99 362 259 431 temporum
273 363 434 415 nostrorum
448 354 560 431 ingenia
575 353 713 432 despicio.
736 352 839 432 Neque
851 356 925 416 enirn
937 358 1017 435 quasi
1030 357 1105 420 lassa

98 446 129 497 st
154 437 243 498 edeta
261 448 360 498 namra
380 436 449 497 nihil
468 440 523 497 iam
536 437 676 499 laudabile
694 439 775 518 parit.
805 438 910 518 Adque
925 442 997 501 adeo
1013 451 1130 521 nupera

100 521 175 580 audii
196 520 353 599 Vergilium
374 521 529 581 Romanum
556 523 655 600 paucis
681 521 827 601 legentem
849 524 1041 603 comoediam,
1070 526 1105 587 ad

98 603 249 684 exemplar
268 607 375 666 veteris
391 605 557 666 comoediae
573 608 707 683 scriptam
723 616 779 667 tam
794 606 868 668 bene
886 617 916 667 ut
934 627 1002 668 esse
1018 628 1103 688 quan·

73 688 194 768 sdoque
207 691 301 769 possit
317 689 471 768 exemplar.
493 688 601 750 Nescio
617 708 651 750 an
663 693 740 751 noris
758 689 909 752 bominem.
932 690 1132 771 Quamquamd

96 790 186 834 nosse
197 773 304 834 debes:
320 783 365 836 est
376 776 450 834 enim
461 775 602 853 probitate
615 793 733 851 morum,
751 775 857 851 ingenii
869 773 1020 854 elegantia,
1034 795 1104 856 ope·

97 875 159 917 rum
179 859 317 918 varietate
338 857 536 918 monstrabilis.
580 857 701 938 Scripsit
722 859 895 919 mimiambos
915 861 1039 919 tenuiter
1063 871 1133 923 ar·4

97 950 166 1018 gute
187 950 325 1019 venuste,
348 941 442 1022 adque
465 944 493 1002 in
513 941 569 1001 hoe
590 960 700 1019 genere
725 942 976 1020 eloquentissime;
998 943 1105 1004 nullum

99 1034 144 1086 est
171 1027 246 1085 eninr
265 1043 356 1102 genus
377 1025 454 1104 quod
476 1024 635 1086 absolutum
654 1045 710 1087 non
727 1029 819 1106 possit
843 1025 1105 1105 eloquentissimum

58 1109 169 1170 todici:
186 1111 302 1188 scripsit
318 1109 497 1187 comoedias,
519 1108 701 1170 Menandrum
716 1111 845 1190 aliosque
860 1111 960 1172 aetatis
977 1111 1106 1172 eiusdem

98 1192 267 1253 aemulatus:
291 1193 362 1254 licat
381 1193 432 1254 bas
448 1196 520 1253 inter
540 1193 680 1255 Plautinas
703 1194 944 1272 Terentianasque
959 1214 1102 1257 numeres.

97 1275 179 1336 Nunc
195 1279 315 1357 primum
334 1296 367 1337 se
387 1278 416 1337 iu
430 1286 528 1338 vetere
544 1277 708 1356 comoedia,
736 1278 787 1339 sed
808 1294 864 1337 non
878 1287 1018 1355 tamquam
1033 1281 1128 1339 inci-5

96 1367 191 1437 peret,
208 1360 341 1421 ostendit.
360 1359 425 1421 Nou
441 1360 481 1421 illi
493 1362 553 1437 vis,
570 1379 626 1422 non
640 1361 794 1438 granditas,
809 1378 866 1421 non
880 1361 1031 1438 subtilitas,
1048 1380 1104 1422 non

96 1443 268 1522 amaritudo,
289 1462 346 1505 nou
368 1443 508 1520 dulcedo,
536 1462 592 1505 nou
612 1444 696 1522 lepos
719 1444 824 1505 defuit:
845 1447 953 1504 ornavit
973 1446 1102 1523 virtutes,

55 1529 254 1591 15insectatus
271 1537 316 1588 est
333 1529 417 1605 vitia,
440 1528 513 1588 fletis
534 1528 693 1589 nominibus
709 1527 861 1606 decenter,
883 1530 960 1589 veris
975 1547 1043 1589 usus
1059 1538 1103 1589 est

97 1621 174 1691 apte.
199 1610 283 1672 Circa
297 1629 343 1672 me
358 1621 463 1672 tantum
477 1611 653 1690 benignitate
667 1613 749 1673 nimia
764 1611 876 1673 modum
892 1615 1029 1688 excessit,
1048 1613 1129 1673 nisit

96 1694 174 1773 quod
194 1705 288 1756 tamen
311 1698 406 1774 potitis
427 1696 538 1759 mentiri
559 1695 638 1757 licet.
669 1694 702 1757 ln
723 1714 845 1774 summa,
874 1697 1052 1774 extorquebo
1075 1697 1127 1757 eil

94 1776 199 1840 librum
221 1779 450 1859 legendumque,
473 1782 558 1840 immo
581 1779 765 1841 ediscendum
789 1783 894 1840 mittam
915 1780 981 1849 tibi;
1006 1799 1102 1861 neque

96 1864 171 1923 enim
186 1862 283 1924 dubito
295 1863 418 1924 futurum
429 1874 459 1925 ut
470 1882 526 1924 nou
538 1863 677 1945 deponas,
693 1866 718 1925 si
729 1863 819 1925 semel
831 1866 997 1943 sumpseris.
1017 1864 1100 1925 Vale.

55 1951 88 2005 ω
439 2082 443 2095 Ι
556 1996 647 2057 XXII.

388 2098 414 2149 c.
432 2094 556 2148 asturus
571 2097 679 2148 arnoni
698 2095 759 2148 suo
777 2095 803 2146 s.

158 2198 262 2278 blagna
276 2219 324 2261 res
343 2210 406 2261 ueta
421 2209 466 2262 est
481 2205 602 2262 omnium
617 2205 665 2281 qui
687 2212 751 2263 suut
765 2201 920 2282 provinciis
935 2199 1128 2280 praefuturi,1

95 2302 198 2362 magua
219 2286 342 2344 omnium
362 2287 409 2363 qui
432 2305 464 2345 se
485 2286 654 2365 simpliciter
676 2285 796 2347 credunt
811 2287 917 2346 amieis.
948 2283 1130 2350 Lustriciusa

56 2374 86 2427 25
95 2368 257 2429 Bruttianus
272 2387 335 2428 cum
350 2368 512 2430 Montanum
524 2372 694 2447 Atticinum,
713 2372 843 2431 comitem
859 2387 950 2447 suum,
965 2370 993 2428 in
1008 2368 1102 2428 multis

95 2452 209 2530 flagitiis
226 2452 443 2532 deprendisset,
463 2452 578 2515 Caesari
592 2457 716 2533 scripsit.
738 2454 880 2516 Atticinus
896 2453 1010 2530 flagitiis
1025 2452 1102 2512 addi-

95 2534 136 2598 dit
149 2546 181 2597 ut
196 2555 281 2616 quem
296 2537 451 2614 deceperat
468 2548 626 2600 accusaret.
659 2539 790 2616 Recepta
805 2539 930 2615 cognitio
946 2545 1005 2597 est:
1020 2536 1061 2595 fui
1074 2538 1102 2595 in
1174 2603 1178 2611 ¹

96 2621 233 2682 consilio:
258 2622 317 2698 egit
330 2629 449 2699 uterque
466 2640 518 2701 pro
534 2642 584 2702 se,
601 2624 660 2700 egit
675 2632 768 2684 autern
783 2624 900 2701 carptim
915 2629 944 2680 et
958 2611 1041 2680 κατὰ
1051 2639 1101 2678 κε-

97 2699 253 2781 φάλαιον,
267 2721 323 2782 quo
337 2723 446 2781 genere
460 2709 566 2777 veritas
581 2709 673 2768 statim
689 2706 855 2767 ostenditur.
888 2703 1007 2763 Protulit
1021 2702 1129 2764 Brut-3

59 2789 187 2853 namus
204 2796 403 2848 testamentum
423 2809 519 2869 suum,
546 2792 623 2869 quod
641 2790 758 2850 Atticini
780 2807 862 2849 manu
882 2788 1019 2864 scripturn
1034 2804 1102 2845 esse

96 2870 227 2940 dicebat;
254 2871 311 2931 hoc
333 2874 406 2932 enim
427 2883 455 2933 et
481 2891 580 2934 arcana
601 2873 773 2933 familiaritas
795 2883 825 2931 et
848 2868 985 2948 querendi
1006 2867 1041 2928 de
1064 2885 1099 2928 eo

95 2972 180 3033 quem
200 2956 244 3014 sic
264 2965 386 3017 amasset
406 2961 564 3018 necessitas
586 2956 768 3016 indicabatur.
805 2954 989 3013 Enumeravit
1011 2954 1130 3016 crini-4

94 3056 130 3098 na
148 3037 244 3100 foeda
257 3039 418 3108 manifesta;
449 3059 521 3120 quae
541 3039 609 3117 ille,
639 3058 703 3099 cum
724 3038 833 3100 diluere
852 3053 909 3096 non
927 3046 1045 3114 posset,
1063 3039 1102 3098 ita
1169 3086 1171 3090 Α

95 3124 222 3200 regessit
242 3131 289 3200 ut,
317 3122 382 3183 dum
401 3123 578 3202 defenditur,
601 3126 703 3203 turpis,
733 3122 797 3182 dum
817 3129 949 3197 accusat,
974 3120 1101 3180 seelera·

62 3211 141 3266 ditus
169 3207 348 3285 probaretur.
387 3206 529 3287 Corrupto
557 3210 631 3268 enirn
656 3207 768 3267 scribae
796 3222 881 3265 servo
907 3206 1101 3281 interceperat

98 3292 314 3351 commentarios
336 3292 591 3370 intercideratque,
618 3309 653 3351 ac
674 3308 728 3368 per
748 3306 885 3351 summum
902 3289 983 3349 nefus
1001 3287 1099 3346 uteba·

97 3381 142 3433 tur
160 3373 300 3435 adversus
320 3377 440 3434 amicum
460 3377 576 3435 crimine
604 3392 666 3434 suc.
705 3373 786 3434 Fecit
813 3372 1003 3451 pulcherrime
1026 3367 1127 3430 Cae-5

97 3473 151 3518 sar.
187 3456 254 3518 Non
275 3460 349 3518 enim
369 3458 404 3518 de
420 3458 568 3525 Bruttiano,
581 3457 633 3519 sed
653 3459 746 3519 statim
766 3457 802 3518 dc
819 3454 943 3517 Atticino
961 3471 1099 3534 perroga-
