2400 3848
384 221 649 286 EPISTULARUM
669 224 692 286 Ι.
713 235 738 288 3.
754 235 780 287 4.
798 237 822 288 5.
1090 229 1110 290 3

105 375 218 458 quando
234 377 262 434 in
279 385 377 436 nostra
392 377 562 438 deverteris.
601 376 685 450 Quod
698 377 784 437 velim
802 378 908 456 iacies,
930 379 1065 457 primum,
1081 391 1111 441 ut

106 458 225 538 perinde
246 461 351 521 nostris
374 461 460 522 rebus
482 479 517 521 ac
531 479 584 521 nos
601 462 657 522 tuis
672 461 846 540 perfruaris,
868 461 988 540 deinde,
1010 472 1040 523 ut
1054 465 1110 523 mei

106 543 344 622 expergiscantur
360 542 528 623 aliquando,
552 547 599 624 qui
615 563 660 604 me
674 563 778 605 secure
794 563 828 605 ac
841 563 934 624 prope
950 546 1109 624 neglegen-

104 635 151 687 ter
172 637 336 706 expectant.
370 625 440 687 Nam
458 629 564 688 mitium
579 628 754 689 dominorum
764 628 840 706 apud
851 646 953 690 servos
966 631 1028 709 ipsa
1042 639 1135 692 con-4

80 709 257 770 5suetudine
273 719 366 771 metus
387 709 544 790 exolescit,
571 712 742 773 novitatibus
763 714 921 773 excitantur
939 713 1111 793 probarique

106 792 226 853 dominis
242 793 381 873 pertalios
395 797 485 872 magis
502 813 584 874 quam
602 814 655 875 per
670 796 751 874 ipsos
767 794 903 855 laborant.
938 795 1019 857 Vale.

591 930 625 989 V.

308 1027 335 1078 C.
354 1028 479 1080 PLINIUS
497 1027 638 1079 VOCONIO
656 1027 791 1079 ROMANO
809 1027 867 1078 SUO
884 1028 910 1079 S.

61 1143 97 1196 10
165 1129 304 1191 Vidistine
321 1148 488 1210 quemquam
498 1129 535 1190 Μ.
548 1130 662 1208 Regulo
676 1133 844 1192 timidiorem
856 1132 1033 1192 humiliorem
1043 1141 1132 1210 postl

104 1212 256 1274 Domitiani
277 1211 417 1274 mortem?
440 1215 492 1275 sul)
515 1232 572 1293 quo
594 1232 651 1275 non
671 1217 778 1275 minora
802 1215 908 1293 flagitia
932 1218 1111 1276 commiserat

105 1316 189 1376 quam
203 1298 257 1358 sub
274 1296 407 1375 Nerone,
424 1298 476 1359 sed
493 1299 621 1358 tectiora.
656 1296 760 1378 Goepit
775 1301 870 1359 vereri
884 1318 920 1359 ne
935 1300 989 1360 sibi
1004 1301 1110 1360 irasce-

103 1399 167 1450 rer;
187 1400 243 1452 nec
257 1380 425 1458 fallebatur,
441 1381 596 1442 irascebar.
631 1380 742 1442 Rustici
757 1381 876 1441 Aruleni
891 1383 1050 1460 periculum
1065 1383 1139 1444 iot-

104 1474 202 1543 verat,
220 1465 396 1525 exultaverat
411 1473 520 1541 morte,
536 1465 608 1524 adeo
623 1473 653 1523 ut
670 1463 772 1524 librum
787 1467 921 1525 recitaret
938 1466 1110 1545 publicaret·

60 1564 94 1617 15
106 1566 175 1627 que,
189 1549 218 1606 in
233 1565 290 1626 quo
304 1546 452 1607 Rusticum
466 1548 621 1607 insectatur
635 1555 719 1627 atque
735 1549 818 1608 etiam
833 1548 993 1608 Stoicorum
1004 1550 1110 1609 simiam

105 1629 246 1710 appellat;
269 1629 353 1691 adicit
368 1629 517 1691 Vitelliana
532 1632 666 1692 cicatrice
681 1632 857 1708 stigmosum.
886 1631 1030 1710 Agnoscis
1049 1632 1135 1694 elo-3

105 1716 248 1794 quentiam
262 1713 377 1792 Reguli.
400 1713 518 1774 Lacerat
534 1713 707 1774 Herennium
720 1715 922 1794 Senecionem,
943 1726 999 1777 tam
1009 1718 1109 1777 intem·

104 1807 240 1878 peranter
251 1797 364 1877 quidem
375 1806 405 1857 ut
417 1797 518 1858 dixerit
536 1801 563 1858 ei
580 1797 685 1860 Metius
701 1796 790 1860 Carus
806 1798 886 1877 ‘quid
899 1799 950 1859 tibi
963 1818 1026 1859 cum
1036 1802 1108 1861 meis

103 1878 243 1943 mortuis?
272 1881 408 1960 numquid
427 1900 483 1960 ego
507 1880 613 1944 Crasso
627 1892 674 1944 aut
690 1880 839 1943 Camerino
856 1882 996 1944 molestus
1012 1881 1107 1944 sum‘l’

59 1983 176 2045 coquos
191 1965 241 2026 ille
256 1966 309 2027 sub
324 1964 440 2026 Nerone
456 1975 650 2027 accusaverat.
681 1966 760 2026 llaec
773 1984 819 2026 me
833 1965 963 2043 Regulus
978 1966 1134 2028 dolenter4

102 2049 205 2110 tulisse
225 2049 372 2126 credebat,
387 2049 512 2129 ideoque
528 2052 612 2110 etiam
629 2068 693 2109 cum
708 2051 844 2110 recitaret
860 2049 972 2126 librum,
987 2068 1044 2109 non
1060 2050 1108 2109 ad·

101 2133 243 2209 hibuerat.
271 2131 422 2193 Praeterea
435 2133 671 2193 reminiscebatur
685 2149 768 2211 quam
784 2131 942 2210 capitaliter
956 2135 1049 2211 ipsum
1062 2151 1107 2193 me

102 2215 179 2296 apud
200 2218 390 2281 centumviros
413 2216 590 2277 lacessisset.
624 2216 748 2276 Aderam
767 2214 956 2293 Arrionillae,
983 2215 1131 2295 Timonist

102 2300 195 2378 uxori,
207 2308 309 2377 rogatu
323 2299 441 2360 Aruleni
457 2298 580 2369 Rustici;
603 2299 731 2377 Regulus
751 2309 857 2360 contra.
880 2297 1046 2360 Nitebamur
1055 2317 1108 2361 nos

58 2385 132 2454 ssin
147 2393 228 2463 parte
244 2402 346 2444 causae
360 2384 500 2444 sententia
515 2383 584 2444 Meti
599 2383 738 2461 Modesti,
754 2385 853 2462 optimi
869 2385 938 2444 viri:
957 2385 982 2444 is
998 2394 1065 2445 tunc
1080 2386 1108 2443 in

104 2467 190 2528 exilio
206 2477 277 2545 erat,
293 2485 309 2527 a
325 2466 485 2528 Domitiano
499 2467 655 2545 relegatus.
673 2466 755 2528 Ecce
770 2468 820 2528 tibi
831 2466 961 2545 Regulus
975 2474 1107 2546 ‘quaero'

102 2553 203 2630 inquit,
220 2550 378 2630 ‘Secunde
401 2550 468 2630 quid
483 2550 519 2611 de
534 2549 667 2612 Modesto
684 2553 814 2612 sentias'.
837 2551 926 2611 Vides
942 2552 1018 2631 quod
1032 2552 1108 2629 peri·

104 2635 208 2712 culum,
228 2637 253 2695 si
267 2634 482 2714 respondissem
495 2635 607 2712 ‘bene’,
623 2634 700 2714 quod
710 2634 857 2713 flagitium,
874 2637 897 2694 si
911 2634 1019 2694 ‘male'.
1044 2634 1108 2694 Non

102 2736 221 2798 possum
235 2718 332 2779 dicere
348 2717 422 2779 aliud
437 2728 505 2779 tunc
518 2718 585 2779 mihi
602 2736 684 2797 quam
702 2718 772 2779 deos
793 2718 929 2780 adfuisse.
964 2717 1108 2796 ‘Respon-

58 2802 190 2871 sodebo'
208 2803 320 2881 inquam
336 2804 373 2863 ‘si
392 2802 428 2863 de
449 2801 506 2862 hoc
522 2803 687 2862 centumviri
707 2798 855 2862 iudicaturi
872 2802 958 2862 sunt‘..
997 2800 1107 2861 Rurs'us

102 2885 153 2946 ille
171 2890 290 2965 ‘quaero
313 2885 380 2965 quid
403 2884 438 2945 de
453 2884 586 2946 Modesto
606 2887 735 2945 sentias'.
770 2883 877 2945 lterum
890 2902 947 2962 ego
963 2884 1132 2951 ‘solebanto

101 2979 194 3030 testes
209 2971 238 3028 in
251 2986 334 3046 reos,
355 2987 412 3029 non
429 2968 616 3029 indamnatos
633 2970 825 3045 interrogari’.
857 2964 956 3027 ‘lertio
971 2968 1021 3029 ille
1037 2974 1106 3028 ‘non

101 3056 156 3114 iam
173 3052 292 3132 quidde
313 3051 464 3130 Modesto,
487 3051 540 3112 sed
561 3049 628 3130 quid
648 3051 684 3112 de
706 3053 814 3130 pietate
834 3049 959 3112 Modesti
975 3055 1104 3114 sentias'.

102 3137 248 3211 ‘Quaeris'
263 3139 375 3216 inquam
390 3135 470 3215 ‘quid
480 3136 614 3196 sentiam:
636 3145 664 3195 at
678 3153 734 3212 ego
747 3154 785 3196 ne
800 3137 977 3213 interrogare
993 3136 1130 3215 pridem?

57 3221 145 3286 dolas
163 3231 232 3300 puto
248 3221 284 3281 de
305 3239 361 3300 quo
383 3220 589 3300 pronuntiatum
605 3224 672 3280 est'.
696 3216 856 3279 Conticuit:
871 3237 917 3279 me
929 3218 990 3280 laus
1002 3228 1031 3279 et
1042 3237 1106 3296 gra·

101 3305 202 3368 tulatio
216 3314 316 3367 secuta
331 3313 386 3382 est,
403 3302 480 3382 quod
492 3321 548 3363 nec
559 3303 659 3362 lamam
670 3319 760 3362 meam
769 3303 863 3384 aliquo
875 3319 1030 3381 responso,
1044 3301 1106 3362 utili

102 3390 245 3467 fortasse,
263 3389 415 3449 inhonesto
430 3397 539 3463 tamen,
561 3386 700 3447 laeseram
713 3404 768 3446 nec
782 3405 828 3447 me
842 3387 953 3464 laqueis
970 3395 1025 3446 tam
1038 3388 1105 3445 insi·

103 3472 200 3535 diosae
215 3473 444 3551 interrogationis
459 3471 642 3530 involverem.
670 3468 753 3530 Nunc
769 3488 840 3548 ergo
860 3468 1036 3612 corippientia
1056 3476 1131 3529 err-8
