2400 3848
486 220 727 276 PRAEFATIO.
1097 232 1139 273 vn

63 384 103 434 ter
113 377 243 434 Vadcenos
256 383 293 433 est
303 393 404 434 numero
415 380 498 441 3864,
521 377 702 434 inmembranis
714 377 806 433 formae
817 376 946 448 quadratae
955 378 1074 450 scriptus,
1095 380 1137 453 qul

63 466 123 535 post
134 459 243 518 Caesaris
255 461 285 516 de
298 461 362 518 bebo
375 460 466 518 Gallico
477 463 663 518 commentarius
678 461 748 516 Plinii
760 461 916 531 epistularum
931 460 1006 518 libros
1022 468 1137 535 quattnm

63 545 158 618 primos
173 545 281 602 condnet
291 545 310 601 i.
323 548 357 605 ’16
370 572 407 585 -·
419 545 439 601 i.
456 550 517 605 108.
538 551 654 602 secrntru
668 543 776 601 Sallustii
788 544 918 601 orationes.
940 545 1059 616 scriptura
1079 562 1135 617 per·

63 642 139 701 quiana
149 635 261 685 accurata
271 636 316 696 est,
327 644 399 700 saepe
410 630 483 685 etiam
495 628 616 685 vocabulis
626 644 676 684 non
686 628 805 685 (1161166116
815 628 936 694 continua,
948 636 973 685 et
983 645 1056 702 quam
1064 630 1134 688 initio

63 713 157 769 saeculi
167 713 255 770 decimi
272 713 343 769 facile
358 713 458 769 trilinas.
480 714 505 768 in
521 713 604 784 primis
619 711 715 768 schedis
731 713 808 769 multa
826 713 917 770 recenti
932 728 1005 770 manu
1024 720 1134 771 correcta

63 803 135 862 sumt,
156 812 218 869 quae
234 798 364 853 maximam
380 804 474 869 partem
490 813 504 852 e
521 798 604 854 codice
619 803 718 854 centum
734 796 890 866 epistularum
906 796 1005 854 tumne
1017 797 1133 855 intellexi.

63 881 124 936 buic
133 880 268 938 addendum
282 888 320 938 est
336 882 434 938 tertium
442 882 480 937 vel
491 882 585 952 potius,
600 881 713 954 quoniam
723 880 754 936 de
764 879 908 936 Scbnreneri
918 881 1002 937 codice
1013 882 1072 938 mibi
1084 897 1134 938 non

63 970 169 1031 constat,
180 966 314 1022 secundum
324 966 502 1039 apographum,
515 965 593 1022 codex
603 965 725 1022 Medicens
735 965 773 1020 vel
786 964 958 1021 laurentianus
967 965 1042 1035 plutei
1049 965 1132 1022 XLVll

64 1050 114 1113 36,
134 1050 175 1120 qui
191 1065 256 1104 nunc
266 1065 329 1106 nnus
339 1049 448 1106 omnium
459 1050 576 1106 librcmm
586 1065 659 1105 mann
668 1049 814 1119 scriptcmm
823 1049 946 1121 integrum
960 1064 1048 1104 novem
1058 1049 1132 1105 libro-

63 1147 120 1189 rum
136 1147 263 1189 nnmerum
280 1140 354 1191 tenet
375 1135 396 1190 is
417 1140 455 1190 est
475 1133 671 1190 membranaceum
691 1133 770 1189 torma
790 1133 904 1204 quadrata
922 1133 1020 1188 saeculo
1037 1133 1131 1189 decimo

61 1217 182 1287 scriptus,
206 1218 402 1290 quaternionibus
414 1218 520 1274 sedecim
530 1225 556 1274 et
565 1218 678 1290 quinione
688 1231 752 1281 uno,
777 1217 818 1288 qui
834 1222 871 1272 est
886 1217 995 1272 ultimus.
1021 1217 1132 1290 singrdae

62 1301 170 1373 paginae
180 1301 248 1358 initio
259 1301 336 1359 xxiv
344 1316 459 1358 uemuum
469 1309 539 1368 suut,
561 1301 647 1358 deinde
658 1299 739 1365 111111,
760 1306 882 1371 postremo
895 1299 984 1376 1111111.Ι
1002 1307 1131 1356 etenum

62 1385 142 1441 codex
163 1385 192 1440 ab
209 1386 296 1442 eodem
311 1386 407 1442 librario
424 1387 528 1456 scriptus
545 1385 678 1456 eodemque
693 1384 791 1440 omnino
808 1384 891 1440 babitu
908 1392 979 1455 atque
997 1385 1073 1440 Taciti
1087 1399 1130 1439 sex

62 1468 181 1525 bbromm
191 1470 312 1524 annalium
323 1469 408 1525 codex.
430 1469 495 1523 tituli
504 1483 560 1523 eum
569 1467 686 1522 libromm
696 1473 749 1522 tum
761 1467 917 1535 epistulamm
929 1467 1018 1538 ubique
1027 1469 1131 1539 diligen·
1157 1513 1162 1523 .

61 1559 101 1610 ter
112 1553 205 1607 exarati
214 1559 279 1616 munt,
291 1552 336 1605 nisi
346 1550 444 1623 quodin
455 1551 523 1607 initio
534 1551 604 1621 primi
613 1550 667 1606 libri
679 1550 776 1605 nomine
790 1549 879 1605 omisso
891 1550 980 1622 legitur
991 1549 1130 1607 ‘EPISTU-

62 1635 135 1692 mu.
153 1634 214 1690 LIB.
226 1634 258 1690 l.'
291 1635 432 1690 terminatur
448 1635 473 1690 in
489 1635 590 1705 epistula
599 1634 676 1698 Vllll,
688 1636 766 1699 26,8
782 1632 819 1689 bis
833 1633 911 1689 verbis
923 1634 967 1688 ‘et
983 1629 1130 1689 annium

62 1717 117 1775 ΑΕ
139 1715 312 1775 ΘΙΜΛΙΜ
331 1710 425 1795 bilbili
449 1711 678 1795 EPISTULARUM!
696 1716 800 1773 LIBER.
812 1716 905 1775 Ullll'.
921 1718 946 1773 in
963 1725 1047 1774 octavo
1058 1717 1128 1782 libro,

61 1817 136 1876 quem
146 1803 268 1875 mugram
285 1803 369 1868 babet,
387 1803 503 1874 scriptura
521 1803 611 1858 codicis
621 1802 655 1858 ita
666 1802 785 1859 consentit
796 1816 852 1857 cum
862 1801 892 1857 i'u
902 1815 963 1874 qnae
975 1802 1005 1858 de
1015 1803 1057 1857 illo
1068 1801 1129 1857 libro

61 1888 155 1959 primns
165 1885 329 1943 Schnrenerus
346 1886 418 1943 edidit
434 1895 475 1953 nt,
490 1887 537 1943 nisi
546 1886 750 1957 lacunaimpressi
760 1886 864 1956 exempli
874 1885 981 1942 obstaret
990 1901 1039 1957 quo
1050 1885 1130 1940 minus

63 1978 130 2027 certo
146 1971 340 2042 pronuntiarem,
364 1970 428 2026 bunc
442 1972 522 2042 ipsum
538 1986 552 2026 a
568 1969 719 2027 Scburenerc
737 1984 877 2041 expressum
897 1983 951 2025 esse
967 1968 1127 2025 adfirmatum.

60 2055 154 2127 primns
165 2061 260 2121 amem,
271 2055 336 2127 quod
346 2055 428 2119 sciam
441 2054 503 2110 inter
512 2055 585 2110 italos
596 2069 625 2110 eo
636 2055 721 2110 codice
731 2070 791 2109 usus
801 2059 839 2109 est
848 2053 883 2108 16.
892 2052 966 2108 biania
979 2051 1129 2116 Catanaeust

63 2140 103 2212 qni
121 2152 195 2210 quem
209 2139 235 2193 in
250 2137 356 2194 sectanda
367 2137 436 2193 Plinii
453 2137 558 2193 editiom
573 2152 636 2192 anno
653 2140 724 2195 1618
739 2136 867 2193 Mediolani
882 2136 946 2192 iacta
963 2135 1045 2204 (antea
1066 2135 1130 2190 enim

62 2237 125 2279 mnu
138 2222 207 2279 1606
220 2221 325 2277 Plinium
339 2221 471 2290 ediderat),
488 2220 638 2292 pontificium
650 2220 759 2277 codicem
769 2219 828 2277 dicit
843 2227 868 2275 et
884 2233 942 2274 eum
951 2219 1057 2291 quinque
1068 2216 1129 2274 Gor·

61 2306 118 2363 nelii
128 2304 204 2361 Taciti
214 2304 282 2362 libris
291 2320 368 2377 nuper
377 2305 480 2361 invenis
490 2305 645 2362 coniunctum
656 2304 731 2361 brusa
740 2304 781 2369 ait,
793 2301 951 2359 isaliediceo
965 2318 1013 2360 non
1021 2302 1129 2359 diversus

61 2397 107 2446 est.
129 2403 186 2445 nam
196 2389 239 2445 illo
251 2397 359 2461 tempore
371 2389 441 2444 Plinii
458 2389 536 2445 codex
552 2403 666 2445 unacum
676 2387 781 2460 reliqu'm'
788 2387 951 2445 blediceomm
960 2387 1028 2443 libris
1039 2384 1131 2443 Romae

61 2480 122 2530 erat
155 2480 239 2544 postea
256 2472 369 2529 ldcclans
385 2473 496 2529 Heinsius
518 2488 575 2528 enrn
596 2473 699 2528 contulit
712 2486 770 2528 cum
793 2471 904 2543 exemplo
923 2471 1025 2536 Aldine,
1046 2486 1061 2526 e
1081 2483 1129 2542 qno

61 2557 208 2628 exscriptam
219 2558 352 2628 scripturae
365 2557 548 2629 discrepatum
563 2556 646 2613 babuit
659 2555 763 2613 Curtius
796 2571 852 2612 cum
866 2554 914 2611 boc
925 2556 1001 2628 igitur
1017 2554 1079 2610 libro
1097 2552 1131 2607 ita

61 2641 120 2698 iacit
130 2641 260 2697 Vaticanus
269 2640 347 2697 codes
360 2648 388 2697 ut
397 2649 527 2714 utrumque
537 2656 568 2696 ex
579 2656 628 2696 nno
638 2640 768 2711 exemplari
777 2639 925 2709 descriptum
939 2653 994 2694 eme
1009 2641 1129 2709 appareat.

61 2725 86 2782 in
96 2740 146 2797 quo
158 2739 219 2798 quae
230 2724 376 2781 membranis
386 2725 477 2798 aliquot
487 2725 586 2797 perditis
596 2724 696 2795 periisse
705 2724 755 2780 dixi
764 2729 822 2780 sunt
831 2722 892 2778 haec
902 2723 926 2787 1,
938 2725 980 2787 16,
996 2724 1012 2776 1
1023 2736 1078 2776 uec
1090 2745 1127 2757 -—

61 2809 479 2881 tu‚7emeue:111,1,11sui
495 2808 601 2864 obiit-
615 2805 1059 2880 admouentem.
1074 2801 1131 2858 Vale

61 2919 103 2932 -
120 2896 150 2959 9,
169 2892 275 2951 1811161
290 2891 422 2966 utpute.
454 2893 563 2949 biediceo
573 2898 656 2948 antem
666 2891 814 2947 etvatieano
824 2888 902 2945 codici
913 2888 984 2953 clim,
1000 2893 1130 2958 cumpost

54 2973 247 3035 ‘obaemuones
262 2977 395 3032 6611166616
412 2975 529 3033 Catonem
545 2976 709 3032 mvmuonem
725 2988 749 3046 p.
761 2975 796 3033 86
812 2988 857 3046 sqq
872 2972 902 3028 de
917 2971 987 3028 Plinii
1005 2971 1130 3029 codicibus

60 3061 177 3136 quaedam
194 3059 351 3127 annotabam,
374 3061 473 3116 tertium
483 3061 637 3117 adiunxerant
648 3058 795 3132 Pragensem
805 3056 922 3113 codicem.
952 3056 1021 3112 cuius
1042 3054 1130 3112 cunia

60 3156 132 3218 qnam
143 3145 237 3202 scilicet
246 3145 375 3201 laudabant
386 3145 532 3216 praestantia
542 3159 598 3201 eum
608 3159 657 3200 non
673 3144 753 3199 solum
762 3140 890 3215 Pragensis
906 3140 996 3206 editor,
1017 3141 1075 3196 antis
1091 3140 1129 3194 in·

59 3231 160 3287 scientia
181 3229 272 3300 pariter
287 3235 362 3302 atque
375 3228 540 3286 imbecilitate
556 3228 639 3284 indicii
655 3226 780 3292 notddb,
808 3232 894 3296 captus
908 3233 986 3290 esset,
1002 3225 1047 3280 sed
1063 3222 1130 3279 docti

60 3315 132 3371 61661
150 3312 262 3369 homines
278 3314 381 3385 turpiter
397 3328 425 3369 se
439 3313 490 3370 lalli
506 3320 532 3368 et
550 3312 656 3369 admira
665 3310 782 3384 quaedam
801 3315 939 3367 commenta
958 3307 1045 3366 adduci
1065 3305 1130 3378 passi

59 3405 151 3464 essem,
174 3397 209 3454 ita
229 3398 320 3454 iustum
344 3398 448 3468 pretium
463 3397 525 3453 libro
544 3403 651 3454 statuere
665 3394 726 3450 mibi
740 3394 837 3451 videbar
853 3400 927 3450 ulex
943 3390 1029 3448 ecdem
1043 3403 1130 3448 novem

59 3479 176 3540 'ilrrorum
195 3482 326 3554 exemplar·
344 3495 359 3536 e
374 3497 423 3553 qno
439 3481 562 3538 bledlceus
578 3487 603 3535 et
612 3479 740 3535 vaticanus
755 3479 883 3537 duxissent
899 3475 1059 3548 neglegenter
1075 3486 1135 3530 enm
