<?xml version="1.0" encoding="UTF-8"?>
<!DOCTYPE html PUBLIC "-//W3C//DTD XHTML 1.0 Transitional//EN"
    "http://www.w3.org/TR/xhtml1/DTD/xhtml1-transitional.dtd">
<html xmlns="http://www.w3.org/1999/xhtml" xml:lang="en" lang="en">
 <head>
  <title>
</title>
<meta http-equiv="Content-Type" content="text/html;charset=utf-8" />
  <meta name='ocr-system' content='tesseract 3.04.00' />
  <meta name='ocr-capabilities' content='ocr_page ocr_carea ocr_par ocr_line ocrx_word'/>
</head>
<body>
  <div class='ocr_page' id='page_1' title='image "./cplinicaecilise01plingoog_0263.png"; bbox 0 0 2400 3840; ppageno 0'>
   <div class='ocr_carea' id='block_1_1' title="bbox 87 167 794 234">
    <p class='ocr_par' dir='ltr' id='par_1_1' title="bbox 87 167 794 234">
     <span class='ocr_line' id='line_1_1' title="bbox 87 167 794 234; baseline -0.008 0"><span class='ocrx_word' id='word_1_1' title='bbox 87 171 151 234; x_wconf 79' lang='lat' dir='ltr'>aad</span> <span class='ocrx_word' id='word_1_2' title='bbox 392 168 424 231; x_wconf 83' lang='grc'>0.</span> <span class='ocrx_word' id='word_1_3' title='bbox 446 167 543 230; x_wconf 78' lang='lat' dir='ltr'>tutat</span> <span class='ocrx_word' id='word_1_4' title='bbox 563 167 613 229; x_wconf 82' lang='grc' dir='ltr'>ΕΤ</span> <span class='ocrx_word' id='word_1_5' title='bbox 634 167 794 230; x_wconf 75' lang='lat' dir='ltr'>naaman</span> 
     </span>
    </p>
   </div>
   <div class='ocr_carea' id='block_1_2' title="bbox 65 320 1119 820">
    <p class='ocr_par' dir='ltr' id='par_1_2' title="bbox 65 320 1119 820">
     <span class='ocr_line' id='line_1_2' title="bbox 89 320 1095 402; baseline -0.005 -18"><span class='ocrx_word' id='word_1_6' title='bbox 89 324 173 385; x_wconf 86' lang='lat' dir='ltr'>etiam</span> <span class='ocrx_word' id='word_1_7' title='bbox 194 325 241 402; x_wconf 95' lang='lat' dir='ltr'>qui</span> <span class='ocrx_word' id='word_1_8' title='bbox 264 342 280 383; x_wconf 92' lang='lat' dir='ltr'>a</span> <span class='ocrx_word' id='word_1_9' title='bbox 304 323 472 384; x_wconf 77' lang='lat' dir='ltr'><strong>censoribus</strong></span> <span class='ocrx_word' id='word_1_10' title='bbox 498 321 680 400; x_wconf 78' lang='lat' dir='ltr'>legerentur,</span> <span class='ocrx_word' id='word_1_11' title='bbox 708 321 893 381; x_wconf 85' lang='lat' dir='ltr'>dumtaratin</span> <span class='ocrx_word' id='word_1_12' title='bbox 915 320 1095 399; x_wconf 79' lang='lat' dir='ltr'>paucissimis</span> 
     </span>
     <span class='ocr_line' id='line_1_3' title="bbox 65 403 1095 484; baseline -0.008 -14"><span class='ocrx_word' id='word_1_13' title='bbox 65 406 263 484; x_wconf 73' lang='lat' dir='ltr'>servitutibus,</span> <span class='ocrx_word' id='word_1_14' title='bbox 276 406 352 466; x_wconf 86' lang='lat' dir='ltr'>aliud</span> <span class='ocrx_word' id='word_1_15' title='bbox 364 406 439 484; x_wconf 85' lang='lat' dir='ltr'>aliis,</span> <span class='ocrx_word' id='word_1_16' title='bbox 456 406 537 467; x_wconf 87' lang='lat' dir='ltr'>iussit</span> <span class='ocrx_word' id='word_1_17' title='bbox 549 406 664 466; x_wconf 87' lang='lat' dir='ltr'>inferre.</span> <span class='ocrx_word' id='word_1_18' title='bbox 686 405 827 482; x_wconf 88' lang='lat' dir='ltr'>Superest</span> <span class='ocrx_word' id='word_1_19' title='bbox 843 421 914 481; x_wconf 78' lang='lat' dir='ltr'>ergo</span> <span class='ocrx_word' id='word_1_20' title='bbox 927 413 957 464; x_wconf 91' lang='lat' dir='ltr'>ut</span> <span class='ocrx_word' id='word_1_21' title='bbox 970 404 1038 481; x_wconf 91' lang='lat' dir='ltr'>ipse</span> <span class='ocrx_word' id='word_1_22' title='bbox 1054 403 1095 463; x_wconf 92' lang='lat' dir='ltr'>di·</span> 
     </span>
     <span class='ocr_line' id='line_1_4' title="bbox 90 486 1095 569; baseline -0.007 -18"><span class='ocrx_word' id='word_1_23' title='bbox 90 490 195 569; x_wconf 85' lang='lat' dir='ltr'>spioias</span> <span class='ocrx_word' id='word_1_24' title='bbox 221 508 256 550; x_wconf 92' lang='lat' dir='ltr'>an</span> <span class='ocrx_word' id='word_1_25' title='bbox 277 491 305 548; x_wconf 94' lang='lat' dir='ltr'>in</span> <span class='ocrx_word' id='word_1_26' title='bbox 330 490 458 551; x_wconf 90' lang='lat' dir='ltr'>omnibus</span> <span class='ocrx_word' id='word_1_27' title='bbox 480 489 640 550; x_wconf 85' lang='lat' dir='ltr'>civitatibus</span> <span class='ocrx_word' id='word_1_28' title='bbox 668 499 777 550; x_wconf 90' lang='lat' dir='ltr'>certum</span> <span class='ocrx_word' id='word_1_29' title='bbox 799 486 905 567; x_wconf 85' lang='lat' dir='ltr'>aliquid</span> <span class='ocrx_word' id='word_1_30' title='bbox 925 504 1025 548; x_wconf 88' lang='lat' dir='ltr'>omues</span> <span class='ocrx_word' id='word_1_31' title='bbox 1047 489 1095 565; x_wconf 93' lang='lat' dir='ltr'>qui</span> 
     </span>
     <span class='ocr_line' id='line_1_5' title="bbox 90 569 1095 653; baseline -0.003 -20"><span class='ocrx_word' id='word_1_32' title='bbox 90 572 192 634; x_wconf 89' lang='lat' dir='ltr'>deiude</span> <span class='ocrx_word' id='word_1_33' title='bbox 205 571 338 634; x_wconf 81' lang='lat' dir='ltr'>buleutae</span> <span class='ocrx_word' id='word_1_34' title='bbox 350 573 485 653; x_wconf 76' lang='lat' dir='ltr'>leguntur</span> <span class='ocrx_word' id='word_1_35' title='bbox 499 573 622 634; x_wconf 89' lang='lat' dir='ltr'>debeant</span> <span class='ocrx_word' id='word_1_36' title='bbox 635 589 688 651; x_wconf 93' lang='lat' dir='ltr'>pro</span> <span class='ocrx_word' id='word_1_37' title='bbox 703 571 817 632; x_wconf 92' lang='lat' dir='ltr'>introitu</span> <span class='ocrx_word' id='word_1_38' title='bbox 832 571 910 632; x_wconf 73' lang='lat' dir='ltr'>dare,</span> <span class='ocrx_word' id='word_1_39' title='bbox 931 569 1003 631; x_wconf 86' lang='lat' dir='ltr'>Nam</span> <span class='ocrx_word' id='word_1_40' title='bbox 1017 570 1095 649; x_wconf 94' lang='lat' dir='ltr'>quod</span> 
     </span>
     <span class='ocr_line' id='line_1_6' title="bbox 90 642 1119 737; baseline -0.005 -21"><span class='ocrx_word' id='word_1_41' title='bbox 90 658 304 737; x_wconf 89' lang='lat' dir='ltr'>inperpetuum</span> <span class='ocrx_word' id='word_1_42' title='bbox 324 675 484 719; x_wconf 87' lang='lat' dir='ltr'>mansurum</span> <span class='ocrx_word' id='word_1_43' title='bbox 499 665 544 718; x_wconf 89' lang='lat' dir='ltr'>est</span> <span class='ocrx_word' id='word_1_44' title='bbox 563 675 580 717; x_wconf 88' lang='lat' dir='ltr'>a</span> <span class='ocrx_word' id='word_1_45' title='bbox 596 665 625 717; x_wconf 92' lang='lat' dir='ltr'>te</span> <span class='ocrx_word' id='word_1_46' title='bbox 641 656 774 717; x_wconf 89' lang='lat' dir='ltr'>constitui</span> <span class='ocrx_word' id='word_1_47' title='bbox 789 655 894 734; x_wconf 89' lang='lat' dir='ltr'>decet,</span> <span class='ocrx_word' id='word_1_48' title='bbox 916 656 995 716; x_wconf 88' lang='lat' dir='ltr'>ouius</span> <span class='ocrx_word' id='word_1_49' title='bbox 1009 642 1119 714; x_wconf 73' lang='lat' dir='ltr'>iacdso</span> 
     </span>
     <span class='ocr_line' id='line_1_7' title="bbox 91 739 542 820; baseline -0.002 -20"><span class='ocrx_word' id='word_1_50' title='bbox 91 739 234 820; x_wconf 74' lang='lat' dir='ltr'>dictisque</span> <span class='ocrx_word' id='word_1_51' title='bbox 249 741 370 803; x_wconf 89' lang='lat' dir='ltr'>debetur</span> <span class='ocrx_word' id='word_1_52' title='bbox 380 742 542 803; x_wconf 77' lang='lat' dir='ltr'>aeternitas.</span> 
     </span>
    </p>
   </div>
   <div class='ocr_carea' id='block_1_3' title="bbox 426 869 757 1026">
    <p class='ocr_par' dir='ltr' id='par_1_3' title="bbox 426 869 757 1026">
     <span class='ocr_line' id='line_1_8' title="bbox 459 869 726 950; baseline -0.007 -16"><span class='ocrx_word' id='word_1_53' title='bbox 459 870 561 934; x_wconf 80' lang='lat' dir='ltr'>erun.</span> <span class='ocrx_word' id='word_1_54' title='bbox 587 869 726 950; x_wconf 81' lang='lat' dir='ltr'>[exsut]</span> 
     </span>
     <span class='ocr_line' id='line_1_9' title="bbox 426 971 757 1026; baseline 0.003 -2"><span class='ocrx_word' id='word_1_55' title='bbox 426 971 592 1024; x_wconf 75' lang='lat' dir='ltr'>TRAIANUS</span> <span class='ocrx_word' id='word_1_56' title='bbox 606 971 713 1023; x_wconf 79' lang='lat' dir='ltr'>PLtNto</span> <span class='ocrx_word' id='word_1_57' title='bbox 731 971 757 1026; x_wconf 89' lang='lat' dir='ltr'>S.</span> 
     </span>
    </p>
   </div>
   <div class='ocr_carea' id='block_1_4' title="bbox 90 1073 1138 1571">
    <p class='ocr_par' dir='ltr' id='par_1_4' title="bbox 90 1073 1138 1571">
     <span class='ocr_line' id='line_1_10' title="bbox 153 1073 1133 1156; baseline -0.003 -21"><span class='ocrx_word' id='word_1_58' title='bbox 153 1075 336 1135; x_wconf 86' lang='lat' dir='ltr'>Honorarium</span> <span class='ocrx_word' id='word_1_59' title='bbox 354 1074 553 1136; x_wconf 82' lang='lat' dir='ltr'>decurionatus</span> <span class='ocrx_word' id='word_1_60' title='bbox 568 1091 667 1136; x_wconf 90' lang='lat' dir='ltr'>omnes</span> <span class='ocrx_word' id='word_1_61' title='bbox 686 1077 774 1155; x_wconf 90' lang='lat' dir='ltr'>quiin</span> <span class='ocrx_word' id='word_1_62' title='bbox 792 1092 905 1156; x_wconf 91' lang='lat' dir='ltr'>quaque</span> <span class='ocrx_word' id='word_1_63' title='bbox 922 1075 1034 1135; x_wconf 85' lang='lat' dir='ltr'>civitate</span> <span class='ocrx_word' id='word_1_64' title='bbox 1048 1073 1094 1133; x_wconf 88' lang='lat' dir='ltr'>Bi·</span> <span class='ocrx_word' id='word_1_65' title='bbox 1105 1078 1133 1132; x_wconf 79' lang='lat' dir='ltr'>lt</span> 
     </span>
     <span class='ocr_line' id='line_1_11' title="bbox 90 1157 1095 1236; baseline -0.002 -18"><span class='ocrx_word' id='word_1_66' title='bbox 90 1158 203 1234; x_wconf 71' lang='lat' dir='ltr'>thynias</span> <span class='ocrx_word' id='word_1_67' title='bbox 227 1157 396 1219; x_wconf 82' lang='lat' dir='ltr'>decuriones</span> <span class='ocrx_word' id='word_1_68' title='bbox 417 1159 486 1219; x_wconf 88' lang='lat' dir='ltr'>iiunt</span> <span class='ocrx_word' id='word_1_69' title='bbox 500 1157 607 1219; x_wconf 78' lang='lat' dir='ltr'>inferre</span> <span class='ocrx_word' id='word_1_70' title='bbox 621 1158 744 1219; x_wconf 88' lang='lat' dir='ltr'>debeant</span> <span class='ocrx_word' id='word_1_71' title='bbox 760 1176 871 1236; x_wconf 90' lang='lat' dir='ltr'>necne,</span> <span class='ocrx_word' id='word_1_72' title='bbox 888 1160 917 1218; x_wconf 93' lang='lat' dir='ltr'>in</span> <span class='ocrx_word' id='word_1_73' title='bbox 931 1160 1095 1219; x_wconf 86' lang='lat' dir='ltr'>universum</span> 
     </span>
     <span class='ocr_line' id='line_1_12' title="bbox 90 1240 1094 1320; baseline -0.001 -19"><span class='ocrx_word' id='word_1_74' title='bbox 90 1259 107 1301; x_wconf 90' lang='lat' dir='ltr'>a</span> <span class='ocrx_word' id='word_1_75' title='bbox 122 1258 167 1301; x_wconf 91' lang='lat' dir='ltr'>me</span> <span class='ocrx_word' id='word_1_76' title='bbox 182 1256 239 1300; x_wconf 92' lang='lat' dir='ltr'>non</span> <span class='ocrx_word' id='word_1_77' title='bbox 252 1250 351 1320; x_wconf 90' lang='lat' dir='ltr'>potest</span> <span class='ocrx_word' id='word_1_78' title='bbox 364 1244 458 1303; x_wconf 89' lang='lat' dir='ltr'>statui.</span> <span class='ocrx_word' id='word_1_79' title='bbox 481 1241 513 1302; x_wconf 95' lang='lat' dir='ltr'>ld</span> <span class='ocrx_word' id='word_1_80' title='bbox 528 1259 599 1320; x_wconf 78' lang='lat' dir='ltr'>ergo</span> <span class='ocrx_word' id='word_1_81' title='bbox 621 1241 698 1320; x_wconf 94' lang='lat' dir='ltr'>quod</span> <span class='ocrx_word' id='word_1_82' title='bbox 714 1259 831 1320; x_wconf 89' lang='lat' dir='ltr'>semper</span> <span class='ocrx_word' id='word_1_83' title='bbox 851 1240 1021 1303; x_wconf 85' lang='lat' dir='ltr'>tutissimum</span> <span class='ocrx_word' id='word_1_84' title='bbox 1039 1251 1094 1319; x_wconf 90' lang='lat' dir='ltr'>est,</span> 
     </span>
     <span class='ocr_line' id='line_1_13' title="bbox 92 1323 1095 1405; baseline 0.001 -21"><span class='ocrx_word' id='word_1_85' title='bbox 92 1324 266 1404; x_wconf 82' lang='lat' dir='ltr'>sequendam</span> <span class='ocrx_word' id='word_1_86' title='bbox 289 1327 428 1405; x_wconf 88' lang='lat' dir='ltr'>cuiusque</span> <span class='ocrx_word' id='word_1_87' title='bbox 452 1327 573 1388; x_wconf 85' lang='lat' dir='ltr'>civitatis</span> <span class='ocrx_word' id='word_1_88' title='bbox 593 1323 690 1403; x_wconf 78' lang='lat' dir='ltr'>legem</span> <span class='ocrx_word' id='word_1_89' title='bbox 711 1334 799 1405; x_wconf 89' lang='lat' dir='ltr'>puto,</span> <span class='ocrx_word' id='word_1_90' title='bbox 822 1325 935 1386; x_wconf 87' lang='lat' dir='ltr'>scilicet</span> <span class='ocrx_word' id='word_1_91' title='bbox 956 1324 1095 1386; x_wconf 86' lang='lat' dir='ltr'>adversus</span> 
     </span>
     <span class='ocr_line' id='line_1_14' title="bbox 92 1408 1094 1489; baseline -0.001 -20"><span class='ocrx_word' id='word_1_92' title='bbox 92 1426 144 1470; x_wconf 90' lang='lat' dir='ltr'>eos</span> <span class='ocrx_word' id='word_1_93' title='bbox 160 1411 209 1489; x_wconf 95' lang='lat' dir='ltr'>qui</span> <span class='ocrx_word' id='word_1_94' title='bbox 225 1410 304 1470; x_wconf 86' lang='lat' dir='ltr'>inriti</span> <span class='ocrx_word' id='word_1_95' title='bbox 320 1409 388 1471; x_wconf 87' lang='lat' dir='ltr'>dunt</span> <span class='ocrx_word' id='word_1_96' title='bbox 402 1410 573 1471; x_wconf 87' lang='lat' dir='ltr'>decuriones</span> <span class='ocrx_word' id='word_1_97' title='bbox 587 1408 616 1468; x_wconf 90' lang='lat' dir='ltr'>id</span> <span class='ocrx_word' id='word_1_98' title='bbox 631 1411 762 1469; x_wconf 83' lang='lat' dir='ltr'>existimo</span> <span class='ocrx_word' id='word_1_99' title='bbox 781 1418 913 1487; x_wconf 86' lang='lat' dir='ltr'>acturos,</span> <span class='ocrx_word' id='word_1_100' title='bbox 933 1417 965 1468; x_wconf 91' lang='lat' dir='ltr'>ut</span> <span class='ocrx_word' id='word_1_101' title='bbox 978 1418 997 1479; x_wconf 63' lang='grc' dir='ltr'><strong><em>τ</em></strong></span> <span class='ocrx_word' id='word_1_102' title='bbox 1011 1426 1094 1487; x_wconf 85' lang='lat' dir='ltr'>prae·</span> 
     </span>
     <span class='ocr_line' id='line_1_15' title="bbox 91 1490 1138 1571; baseline -0.001 -20"><span class='ocrx_word' id='word_1_103' title='bbox 91 1490 160 1553; x_wconf 85' lang='lat' dir='ltr'>intio</span> <span class='ocrx_word' id='word_1_104' title='bbox 174 1495 280 1554; x_wconf 86' lang='lat' dir='ltr'>ceteris</span> <span class='ocrx_word' id='word_1_105' title='bbox 296 1493 485 1571; x_wconf 79' lang='lat' dir='ltr'>praeferatur.</span> <span class='ocrx_word' id='word_1_106' title='bbox 817 1496 820 1501; x_wconf 83' lang='lat'>&#39;</span> <span class='ocrx_word' id='word_1_107' title='bbox 919 1567 921 1571; x_wconf 17' lang='grc' dir='ltr'><strong><em>ι</em></strong></span> <span class='ocrx_word' id='word_1_108' title='bbox 1106 1499 1138 1551; x_wconf 83' lang='lat'>15</span> 
     </span>
    </p>
   </div>
   <div class='ocr_carea' id='block_1_5' title="bbox 311 1622 879 1776">
    <p class='ocr_par' dir='ltr' id='par_1_5' title="bbox 311 1622 879 1776">
     <span class='ocr_line' id='line_1_16' title="bbox 470 1622 719 1703; baseline -0.012 -16"><span class='ocrx_word' id='word_1_109' title='bbox 470 1624 587 1687; x_wconf 84' lang='lat' dir='ltr'>cxnu.</span> <span class='ocrx_word' id='word_1_110' title='bbox 609 1622 719 1703; x_wconf 78' lang='lat' dir='ltr'>[oxu]</span> 
     </span>
     <span class='ocr_line' id='line_1_17' title="bbox 311 1721 879 1776; baseline 0.009 -5"><span class='ocrx_word' id='word_1_111' title='bbox 311 1722 338 1775; x_wconf 80' lang='lat' dir='ltr'>G.</span> <span class='ocrx_word' id='word_1_112' title='bbox 362 1722 486 1774; x_wconf 81' lang='lat' dir='ltr'>PLINIUS</span> <span class='ocrx_word' id='word_1_113' title='bbox 504 1723 649 1775; x_wconf 78' lang='lat' dir='ltr'><strong>TRAIANO</strong></span> <span class='ocrx_word' id='word_1_114' title='bbox 668 1721 879 1776; x_wconf 83' lang='lat' dir='ltr'><strong>IMPERATORI.</strong></span> 
     </span>
    </p>
   </div>
   <div class='ocr_carea' id='block_1_6' title="bbox 63 1818 1140 2734">
    <p class='ocr_par' dir='ltr' id='par_1_6' title="bbox 66 1818 1140 2068">
     <span class='ocr_line' id='line_1_18' title="bbox 66 1818 1095 1902; baseline 0.006 -26"><span class='ocrx_word' id='word_1_115' title='bbox 66 1825 79 1876; x_wconf 90' lang='lat' dir='ltr'>t</span> <span class='ocrx_word' id='word_1_116' title='bbox 152 1818 244 1899; x_wconf 80' lang='lat' dir='ltr'>Lege,</span> <span class='ocrx_word' id='word_1_117' title='bbox 262 1821 392 1900; x_wconf 90' lang='lat' dir='ltr'>domine,</span> <span class='ocrx_word' id='word_1_118' title='bbox 406 1822 558 1901; x_wconf 89' lang='lat' dir='ltr'>Pompeia,</span> <span class='ocrx_word' id='word_1_119' title='bbox 577 1825 746 1902; x_wconf 66' lang='lat' dir='ltr'>permissflm</span> <span class='ocrx_word' id='word_1_120' title='bbox 762 1823 918 1898; x_wconf 73' lang='lat' dir='ltr'>Bithynicis</span> <span class='ocrx_word' id='word_1_121' title='bbox 934 1823 1095 1884; x_wconf 83' lang='lat' dir='ltr'>civitatibus</span> 
     </span>
     <span class='ocr_line' id='line_1_19' title="bbox 89 1900 1140 1986; baseline 0 -26"><span class='ocrx_word' id='word_1_122' title='bbox 89 1900 255 1966; x_wconf 91' lang='lat' dir='ltr'>adscribere</span> <span class='ocrx_word' id='word_1_123' title='bbox 277 1907 332 1967; x_wconf 93' lang='lat' dir='ltr'>sibi</span> <span class='ocrx_word' id='word_1_124' title='bbox 353 1923 425 1985; x_wconf 94' lang='lat' dir='ltr'>quos</span> <span class='ocrx_word' id='word_1_125' title='bbox 445 1905 556 1967; x_wconf 86' lang='lat' dir='ltr'>velient</span> <span class='ocrx_word' id='word_1_126' title='bbox 574 1909 664 1984; x_wconf 87' lang='lat' dir='ltr'>cives,</span> <span class='ocrx_word' id='word_1_127' title='bbox 680 1907 746 1968; x_wconf 94' lang='lat' dir='ltr'>dum</span> <span class='ocrx_word' id='word_1_128' title='bbox 763 1925 899 1986; x_wconf 86' lang='lat' dir='ltr'>nequem</span> <span class='ocrx_word' id='word_1_129' title='bbox 915 1924 1012 1966; x_wconf 90' lang='lat' dir='ltr'>earum</span> <span class='ocrx_word' id='word_1_130' title='bbox 1027 1907 1140 1966; x_wconf 77' lang='lat' dir='ltr'>civi-20</span> 
     </span>
     <span class='ocr_line' id='line_1_20' title="bbox 90 1988 1096 2068; baseline 0.005 -25"><span class='ocrx_word' id='word_1_131' title='bbox 90 1993 178 2046; x_wconf 92' lang='lat' dir='ltr'>tatum</span> <span class='ocrx_word' id='word_1_132' title='bbox 196 2007 268 2067; x_wconf 90' lang='lat' dir='ltr'>quae</span> <span class='ocrx_word' id='word_1_133' title='bbox 290 1999 354 2050; x_wconf 90' lang='lat' dir='ltr'>sunt</span> <span class='ocrx_word' id='word_1_134' title='bbox 372 1991 400 2050; x_wconf 94' lang='lat' dir='ltr'>in</span> <span class='ocrx_word' id='word_1_135' title='bbox 419 1989 558 2065; x_wconf 78' lang='lat' dir='ltr'>bithynia.</span> <span class='ocrx_word' id='word_1_136' title='bbox 591 1988 700 2050; x_wconf 80' lang='lat' dir='ltr'>Eadem</span> <span class='ocrx_word' id='word_1_137' title='bbox 715 1990 783 2068; x_wconf 78' lang='lat' dir='ltr'>lege</span> <span class='ocrx_word' id='word_1_138' title='bbox 798 1992 924 2050; x_wconf 87' lang='lat' dir='ltr'>sancitur</span> <span class='ocrx_word' id='word_1_139' title='bbox 939 1989 1042 2068; x_wconf 91' lang='lat' dir='ltr'>quibus</span> <span class='ocrx_word' id='word_1_140' title='bbox 1061 1989 1096 2049; x_wconf 89' lang='lat' dir='ltr'>do</span> 
     </span>
    </p>

    <p class='ocr_par' dir='ltr' id='par_1_7' title="bbox 65 2069 1098 2236">
     <span class='ocr_line' id='line_1_21' title="bbox 65 2069 1098 2152; baseline 0.007 -27"><span class='ocrx_word' id='word_1_141' title='bbox 65 2069 185 2132; x_wconf 75' lang='lat' dir='ltr'>acausis</span> <span class='ocrx_word' id='word_1_142' title='bbox 207 2091 224 2132; x_wconf 90' lang='lat' dir='ltr'>e</span> <span class='ocrx_word' id='word_1_143' title='bbox 245 2083 345 2134; x_wconf 92' lang='lat' dir='ltr'>senatu</span> <span class='ocrx_word' id='word_1_144' title='bbox 367 2091 383 2133; x_wconf 92' lang='lat' dir='ltr'>a</span> <span class='ocrx_word' id='word_1_145' title='bbox 404 2073 572 2134; x_wconf 87' lang='lat' dir='ltr'>censoribus</span> <span class='ocrx_word' id='word_1_146' title='bbox 595 2075 740 2134; x_wconf 86' lang='lat' dir='ltr'>eiciantur.</span> <span class='ocrx_word' id='word_1_147' title='bbox 773 2071 842 2133; x_wconf 91' lang='lat' dir='ltr'>Inde</span> <span class='ocrx_word' id='word_1_148' title='bbox 864 2091 910 2134; x_wconf 92' lang='lat' dir='ltr'>me</span> <span class='ocrx_word' id='word_1_149' title='bbox 931 2073 1044 2152; x_wconf 89' lang='lat' dir='ltr'>quidam</span> <span class='ocrx_word' id='word_1_150' title='bbox 1061 2091 1098 2133; x_wconf 89' lang='lat' dir='ltr'>ex</span> 
     </span>
     <span class='ocr_line' id='line_1_22' title="bbox 91 2156 1098 2236; baseline 0.006 -28"><span class='ocrx_word' id='word_1_151' title='bbox 91 2156 262 2217; x_wconf 88' lang='lat' dir='ltr'>censoribus</span> <span class='ocrx_word' id='word_1_152' title='bbox 281 2157 485 2217; x_wconf 88' lang='lat' dir='ltr'>consulendum</span> <span class='ocrx_word' id='word_1_153' title='bbox 508 2165 677 2236; x_wconf 86' lang='lat' dir='ltr'>putaverunt</span> <span class='ocrx_word' id='word_1_154' title='bbox 698 2176 732 2217; x_wconf 87' lang='lat' dir='ltr'>an</span> <span class='ocrx_word' id='word_1_155' title='bbox 753 2159 850 2217; x_wconf 90' lang='lat' dir='ltr'>eicere</span> <span class='ocrx_word' id='word_1_156' title='bbox 873 2156 1014 2217; x_wconf 89' lang='lat' dir='ltr'>deberent</span> <span class='ocrx_word' id='word_1_157' title='bbox 1032 2172 1098 2217; x_wconf 94' lang='lat' dir='ltr'>eum</span> 
     </span>
    </p>

    <p class='ocr_par' dir='ltr' id='par_1_8' title="bbox 63 2228 1140 2734">
     <span class='ocr_line' id='line_1_23' title="bbox 63 2228 1097 2318; baseline 0.005 -26"><span class='ocrx_word' id='word_1_158' title='bbox 63 2228 138 2308; x_wconf 81' lang='lat' dir='ltr'>³qui</span> <span class='ocrx_word' id='word_1_159' title='bbox 151 2249 231 2298; x_wconf 90' lang='lat' dir='ltr'>esset</span> <span class='ocrx_word' id='word_1_160' title='bbox 245 2240 363 2301; x_wconf 89' lang='lat' dir='ltr'>alterius</span> <span class='ocrx_word' id='word_1_161' title='bbox 379 2241 510 2301; x_wconf 87' lang='lat' dir='ltr'>civitatis.</span> <span class='ocrx_word' id='word_1_162' title='bbox 533 2238 615 2317; x_wconf 78' lang='lat' dir='ltr'>Ego,</span> <span class='ocrx_word' id='word_1_163' title='bbox 632 2240 695 2318; x_wconf 87' lang='lat' dir='ltr'>quia</span> <span class='ocrx_word' id='word_1_164' title='bbox 709 2239 760 2300; x_wconf 88' lang='lat' dir='ltr'>lex</span> <span class='ocrx_word' id='word_1_165' title='bbox 774 2241 848 2301; x_wconf 89' lang='lat' dir='ltr'>sicut</span> <span class='ocrx_word' id='word_1_166' title='bbox 862 2240 986 2301; x_wconf 88' lang='lat' dir='ltr'>adscribi</span> <span class='ocrx_word' id='word_1_167' title='bbox 1004 2241 1097 2300; x_wconf 91' lang='lat' dir='ltr'>civem</span> 
     </span>
     <span class='ocr_line' id='line_1_24' title="bbox 89 2311 1140 2400; baseline 0.01 -30"><span class='ocrx_word' id='word_1_168' title='bbox 89 2311 214 2379; x_wconf 92' lang='lat' dir='ltr'>alienum</span> <span class='ocrx_word' id='word_1_169' title='bbox 226 2324 350 2400; x_wconf 84' lang='lat' dir='ltr'>uetabat,</span> <span class='ocrx_word' id='word_1_170' title='bbox 366 2326 405 2385; x_wconf 90' lang='lat' dir='ltr'>ita</span> <span class='ocrx_word' id='word_1_171' title='bbox 416 2324 471 2383; x_wconf 91' lang='lat' dir='ltr'>eici</span> <span class='ocrx_word' id='word_1_172' title='bbox 486 2341 503 2383; x_wconf 90' lang='lat' dir='ltr'>e</span> <span class='ocrx_word' id='word_1_173' title='bbox 519 2333 620 2383; x_wconf 90' lang='lat' dir='ltr'>senatu</span> <span class='ocrx_word' id='word_1_174' title='bbox 632 2323 668 2383; x_wconf 96' lang='lat' dir='ltr'>ob</span> <span class='ocrx_word' id='word_1_175' title='bbox 682 2322 754 2383; x_wconf 89' lang='lat' dir='ltr'>hanc</span> <span class='ocrx_word' id='word_1_176' title='bbox 771 2341 883 2383; x_wconf 89' lang='lat' dir='ltr'>causam</span> <span class='ocrx_word' id='word_1_177' title='bbox 899 2341 955 2383; x_wconf 91' lang='lat' dir='ltr'>non</span> <span class='ocrx_word' id='word_1_178' title='bbox 966 2323 1095 2400; x_wconf 88' lang='lat' dir='ltr'>iubebat,</span> <span class='ocrx_word' id='word_1_179' title='bbox 1105 2329 1140 2381; x_wconf 72' lang='lat'>25</span> 
     </span>
     <span class='ocr_line' id='line_1_25' title="bbox 87 2405 1098 2486; baseline 0.013 -33"><span class='ocrx_word' id='word_1_180' title='bbox 87 2408 241 2469; x_wconf 88' lang='lat' dir='ltr'>praeterea</span> <span class='ocrx_word' id='word_1_181' title='bbox 269 2405 345 2483; x_wconf 93' lang='lat' dir='ltr'>quod</span> <span class='ocrx_word' id='word_1_182' title='bbox 366 2406 564 2467; x_wconf 83' lang='lat' dir='ltr'>adfirmabatur</span> <span class='ocrx_word' id='word_1_183' title='bbox 581 2406 648 2466; x_wconf 91' lang='lat' dir='ltr'>mibi</span> <span class='ocrx_word' id='word_1_184' title='bbox 672 2409 700 2466; x_wconf 94' lang='lat' dir='ltr'>in</span> <span class='ocrx_word' id='word_1_185' title='bbox 724 2409 798 2467; x_wconf 91' lang='lat' dir='ltr'>omni</span> <span class='ocrx_word' id='word_1_186' title='bbox 823 2409 937 2467; x_wconf 85' lang='lat' dir='ltr'>civitate</span> <span class='ocrx_word' id='word_1_187' title='bbox 958 2406 1098 2486; x_wconf 91' lang='lat' dir='ltr'>plurimos</span> 
     </span>
     <span class='ocr_line' id='line_1_26' title="bbox 87 2481 1098 2569; baseline 0.017 -38"><span class='ocrx_word' id='word_1_188' title='bbox 87 2491 157 2536; x_wconf 92' lang='lat' dir='ltr'>esse</span> <span class='ocrx_word' id='word_1_189' title='bbox 180 2481 312 2548; x_wconf 85' lang='lat' dir='ltr'>buleutas</span> <span class='ocrx_word' id='word_1_190' title='bbox 335 2507 372 2548; x_wconf 87' lang='lat' dir='ltr'>ex</span> <span class='ocrx_word' id='word_1_191' title='bbox 391 2489 454 2548; x_wconf 91' lang='lat' dir='ltr'>aliis</span> <span class='ocrx_word' id='word_1_192' title='bbox 475 2489 635 2550; x_wconf 87' lang='lat' dir='ltr'>ciuitatibus</span> <span class='ocrx_word' id='word_1_193' title='bbox 656 2489 838 2569; x_wconf 81' lang='lat' dir='ltr'>futurumque</span> <span class='ocrx_word' id='word_1_194' title='bbox 861 2501 891 2551; x_wconf 89' lang='lat' dir='ltr'>ut</span> <span class='ocrx_word' id='word_1_195' title='bbox 912 2489 993 2550; x_wconf 86' lang='lat' dir='ltr'>multi</span> <span class='ocrx_word' id='word_1_196' title='bbox 1008 2491 1098 2550; x_wconf 91' lang='lat' dir='ltr'>homi-</span> 
     </span>
     <span class='ocr_line' id='line_1_27' title="bbox 89 2565 1099 2654; baseline 0.014 -37"><span class='ocrx_word' id='word_1_197' title='bbox 89 2571 145 2654; x_wconf 74' lang='lat' dir='ltr'>ues</span> <span class='ocrx_word' id='word_1_198' title='bbox 162 2565 328 2647; x_wconf 89' lang='lat' dir='ltr'>multaeque</span> <span class='ocrx_word' id='word_1_199' title='bbox 346 2573 475 2632; x_wconf 86' lang='lat' dir='ltr'>civitates</span> <span class='ocrx_word' id='word_1_200' title='bbox 493 2581 723 2652; x_wconf 86' lang='lat' dir='ltr'>concuterentur,</span> <span class='ocrx_word' id='word_1_201' title='bbox 741 2591 809 2635; x_wconf 81' lang='lat' dir='ltr'>com</span> <span class='ocrx_word' id='word_1_202' title='bbox 824 2592 858 2634; x_wconf 89' lang='lat' dir='ltr'>ea</span> <span class='ocrx_word' id='word_1_203' title='bbox 873 2591 938 2652; x_wconf 91' lang='lat' dir='ltr'>pars</span> <span class='ocrx_word' id='word_1_204' title='bbox 952 2573 1029 2651; x_wconf 80' lang='lat' dir='ltr'>legis</span> <span class='ocrx_word' id='word_1_205' title='bbox 1044 2575 1099 2633; x_wconf 86' lang='lat' dir='ltr'>iam</span> 
     </span>
     <span class='ocr_line' id='line_1_28' title="bbox 84 2640 1098 2734; baseline 0.005 -23"><span class='ocrx_word' id='word_1_206' title='bbox 84 2640 200 2710; x_wconf 83' lang='lat' dir='ltr'>Pmdem</span> <span class='ocrx_word' id='word_1_207' title='bbox 216 2669 360 2716; x_wconf 90' lang='lat' dir='ltr'>consensu</span> <span class='ocrx_word' id='word_1_208' title='bbox 375 2654 496 2734; x_wconf 90' lang='lat' dir='ltr'>quodam</span> <span class='ocrx_word' id='word_1_209' title='bbox 510 2653 707 2734; x_wconf 79' lang='lat' dir='ltr'>exolevisset,</span> <span class='ocrx_word' id='word_1_210' title='bbox 728 2660 924 2719; x_wconf 86' lang='lat' dir='ltr'>necessarium</span> <span class='ocrx_word' id='word_1_211' title='bbox 939 2659 1098 2719; x_wconf 81' lang='lat' dir='ltr'>existimari</span> 
     </span>
    </p>
   </div>
   <div class='ocr_carea' id='block_1_7' title="bbox 80 2728 1142 2878">
    <p class='ocr_par' dir='ltr' id='par_1_9' title="bbox 80 2728 1142 2878">
     <span class='ocr_line' id='line_1_29' title="bbox 80 2728 1142 2878; baseline 0.009 -85"><span class='ocrx_word' id='word_1_212' title='bbox 80 2728 294 2878; x_wconf 50' lang='grc' dir='ltr'>ξὲὓξέὲξὲἰίῐο</span> <span class='ocrx_word' id='word_1_213' title='bbox 318 2739 385 2818; x_wconf 95' lang='lat' dir='ltr'>quid</span> <span class='ocrx_word' id='word_1_214' title='bbox 405 2737 573 2799; x_wconf 85' lang='lat' dir='ltr'>seruandum</span> <span class='ocrx_word' id='word_1_215' title='bbox 592 2747 718 2815; x_wconf 89' lang='lat' dir='ltr'>putares.</span> <span class='ocrx_word' id='word_1_216' title='bbox 751 2737 850 2820; x_wconf 82' lang='lat' dir='ltr'>capita</span> <span class='ocrx_word' id='word_1_217' title='bbox 872 2740 947 2818; x_wconf 83' lang='lat' dir='ltr'>legis</span> <span class='ocrx_word' id='word_1_218' title='bbox 961 2742 1006 2803; x_wconf 89' lang='lat' dir='ltr'>bis</span> <span class='ocrx_word' id='word_1_219' title='bbox 1021 2741 1142 2803; x_wconf 80' lang='lat' dir='ltr'>litte-30</span> 
     </span>
    </p>
   </div>
   <div class='ocr_carea' id='block_1_8' title="bbox 424 2950 756 3102">
    <p class='ocr_par' dir='ltr' id='par_1_10' title="bbox 424 2950 756 3102">
     <span class='ocr_line' id='line_1_30' title="bbox 477 2950 709 3030; baseline 0.009 -20"><span class='ocrx_word' id='word_1_220' title='bbox 477 2950 562 3011; x_wconf 86' lang='lat' dir='ltr'>oxu.</span> <span class='ocrx_word' id='word_1_221' title='bbox 585 2951 709 3030; x_wconf 76' lang='lat' dir='ltr'>[oxus]</span> 
     </span>
     <span class='ocr_line' id='line_1_31' title="bbox 424 3050 756 3102; baseline 0.003 -1"><span class='ocrx_word' id='word_1_222' title='bbox 424 3050 587 3102; x_wconf 80' lang='lat' dir='ltr'><strong>TRAIANUS</strong></span> <span class='ocrx_word' id='word_1_223' title='bbox 603 3050 710 3101; x_wconf 85' lang='lat' dir='ltr'>PLINIO</span> <span class='ocrx_word' id='word_1_224' title='bbox 729 3050 756 3102; x_wconf 79' lang='lat' dir='ltr'>S.</span> 
     </span>
    </p>
   </div>
   <div class='ocr_carea' id='block_1_9' title="bbox 66 3125 1142 3483">
    <p class='ocr_par' dir='ltr' id='par_1_11' title="bbox 73 3125 1142 3252">
     <span class='ocr_line' id='line_1_32' title="bbox 73 3125 1142 3252; baseline 0.024 -56"><span class='ocrx_word' id='word_1_225' title='bbox 73 3210 94 3252; x_wconf 67' lang='lat'>0</span> <span class='ocrx_word' id='word_1_226' title='bbox 145 3125 255 3203; x_wconf 75' lang='lat' dir='ltr'>Merito</span> <span class='ocrx_word' id='word_1_227' title='bbox 282 3150 418 3232; x_wconf 88' lang='lat' dir='ltr'>haesisti,</span> <span class='ocrx_word' id='word_1_228' title='bbox 449 3152 581 3213; x_wconf 88' lang='lat' dir='ltr'>Secunde</span> <span class='ocrx_word' id='word_1_229' title='bbox 605 3154 767 3232; x_wconf 86' lang='lat' dir='ltr'>carissime,</span> <span class='ocrx_word' id='word_1_230' title='bbox 794 3157 862 3234; x_wconf 92' lang='lat' dir='ltr'>quid</span> <span class='ocrx_word' id='word_1_231' title='bbox 883 3175 898 3217; x_wconf 90' lang='lat' dir='ltr'>a</span> <span class='ocrx_word' id='word_1_232' title='bbox 922 3166 953 3217; x_wconf 92' lang='lat' dir='ltr'>te</span> <span class='ocrx_word' id='word_1_233' title='bbox 974 3157 1097 3219; x_wconf 90' lang='lat' dir='ltr'>rescribi</span> <span class='ocrx_word' id='word_1_234' title='bbox 1107 3167 1142 3221; x_wconf 82' lang='lat'>35</span> 
     </span>
    </p>

    <p class='ocr_par' dir='ltr' id='par_1_12' title="bbox 69 3217 1098 3334">
     <span class='ocr_line' id='line_1_33' title="bbox 69 3217 1098 3334; baseline 0.04 -74"><span class='ocrx_word' id='word_1_235' title='bbox 69 3217 240 3334; x_wconf 57' lang='lat' dir='ltr'>Plportentet</span> <span class='ocrx_word' id='word_1_236' title='bbox 256 3237 425 3297; x_wconf 89' lang='lat' dir='ltr'>censoribus</span> <span class='ocrx_word' id='word_1_237' title='bbox 443 3234 673 3308; x_wconf 81' lang='lat' dir='ltr'>consulentibus,</span> <span class='ocrx_word' id='word_1_238' title='bbox 702 3254 736 3295; x_wconf 88' lang='lat' dir='ltr'>an</span> <span class='ocrx_word' id='word_1_239' title='bbox 754 3277 823 3298; x_wconf 88' lang='lat'><strong>....</strong></span> <span class='ocrx_word' id='word_1_240' title='bbox 840 3241 869 3298; x_wconf 90' lang='lat' dir='ltr'>in</span> <span class='ocrx_word' id='word_1_241' title='bbox 884 3250 1015 3301; x_wconf 89' lang='lat' dir='ltr'>senatum</span> <span class='ocrx_word' id='word_1_242' title='bbox 1030 3238 1098 3301; x_wconf 86' lang='lat' dir='ltr'>alia·</span> 
     </span>
    </p>

    <p class='ocr_par' dir='ltr' id='par_1_13' title="bbox 66 3297 1100 3483">
     <span class='ocr_line' id='line_1_34' title="bbox 66 3297 1099 3422; baseline 0.023 -63"><span class='ocrx_word' id='word_1_243' title='bbox 66 3297 144 3422; x_wconf 52' lang='lat' dir='ltr'><strong>aumt</strong></span> <span class='ocrx_word' id='word_1_244' title='bbox 158 3311 322 3394; x_wconf 74' lang='lat' dir='ltr'>ctyrtatum,</span> <span class='ocrx_word' id='word_1_245' title='bbox 340 3318 467 3380; x_wconf 88' lang='lat' dir='ltr'>eiusdem</span> <span class='ocrx_word' id='word_1_246' title='bbox 480 3326 574 3377; x_wconf 92' lang='lat' dir='ltr'>tamen</span> <span class='ocrx_word' id='word_1_247' title='bbox 587 3317 750 3395; x_wconf 86' lang='lat' dir='ltr'>provinciae</span> <span class='ocrx_word' id='word_1_248' title='bbox 767 3323 858 3382; x_wconf 86' lang='lat' dir='ltr'>cives.</span> <span class='ocrx_word' id='word_1_249' title='bbox 885 3321 957 3382; x_wconf 87' lang='lat' dir='ltr'>Nam</span> <span class='ocrx_word' id='word_1_250' title='bbox 975 3333 1005 3383; x_wconf 89' lang='lat' dir='ltr'>et</span> <span class='ocrx_word' id='word_1_251' title='bbox 1021 3323 1099 3401; x_wconf 75' lang='lat' dir='ltr'>legis</span> 
     </span>
     <span class='ocr_line' id='line_1_35' title="bbox 111 3379 1100 3483; baseline 0.017 -33"><span class='ocrx_word' id='word_1_252' title='bbox 111 3379 242 3448; x_wconf 62' lang='lat' dir='ltr'>contos</span> <span class='ocrx_word' id='word_1_253' title='bbox 266 3406 296 3456; x_wconf 86' lang='lat' dir='ltr'>et</span> <span class='ocrx_word' id='word_1_254' title='bbox 316 3399 403 3479; x_wconf 82' lang='lat' dir='ltr'>longa</span> <span class='ocrx_word' id='word_1_255' title='bbox 425 3401 602 3460; x_wconf 84' lang='lat' dir='ltr'>consuetudo</span> <span class='ocrx_word' id='word_1_256' title='bbox 621 3411 757 3478; x_wconf 85' lang='lat' dir='ltr'>usurpata</span> <span class='ocrx_word' id='word_1_257' title='bbox 775 3415 873 3464; x_wconf 90' lang='lat' dir='ltr'>contra</span> <span class='ocrx_word' id='word_1_258' title='bbox 893 3405 991 3483; x_wconf 79' lang='lat' dir='ltr'>legem</span> <span class='ocrx_word' id='word_1_259' title='bbox 1012 3408 1042 3465; x_wconf 96' lang='lat' dir='ltr'>in</span> <span class='ocrx_word' id='word_1_260' title='bbox 1058 3406 1100 3467; x_wconf 94' lang='lat' dir='ltr'>di·</span> 
     </span>
    </p>
   </div>
   <div class='ocr_carea' id='block_1_10' title="bbox 0 0 1244 3840">
    <p class='ocr_par' dir='ltr' id='par_1_14' title="bbox 0 0 1244 3840">
     <span class='ocr_line' id='line_1_36' title="bbox 0 0 1244 3840; baseline 0 0"><span class='ocrx_word' id='word_1_261' title='bbox 0 0 1244 3840; x_wconf 95' lang='lat' dir='ltr'> </span> 
     </span>
    </p>
   </div>
  </div>
 </body>
</html>
