2400 3840
104 158 165 224 190
524 155 558 219 G.
579 156 675 218 PLlNl

102 332 182 409 κας,
202 301 464 408 Ἀριστογειτον,
488 299 666 390 μάλλονδ’
692 284 882 454 66666663
880 300 979 381 ὅλως.
1004 329 1050 389 μη
1037 300 1109 390 66

102 385 188 472 πρὸς
200 381 261 466 063
280 383 382 491 66663
399 391 524 493 ἔχωσας
547 389 683 472 λιμένας
699 413 742 453 κα
772 385 962 492 προβόλων
973 382 1110 473 ἐνέπλη-

103 493 178 576 σας,
201 470 285 557 πρὸς
301 469 444 549 τούτους
449 469 613 576 ὁρμίζου,
636 485 665 537 et
680 476 790 537 dixerat
806 495 916 561 τουτω
929 466 962 536 6
983 413 1111 537 ούᾶίνοι

102 552 172 640 ὁρω
183 560 252 621 cciv
263 551 378 622 τύπων
395 552 526 622 τούτων
538 552 715 640 βάσιμου”
696 580 794 639 οντα,
807 537 902 621 ἀλλὰ
904 552 1018 622 πάντα
1029 551 1110 658 666·

101 663 244 725 κρημνα,
257 636 442 745 φάραγγας,
455 637 622 744 βάραθρα.
641 643 680 705 Et
694 603 832 724 deinc6ps
847 640 987 706 δέδοικα
998 664 1043 745 66
1032 637 1108 706 60'·
1097 658 1134 712 ·5

102 725 179 827 ξητέ
194 741 260 789 τισι
276 723 337 790 τὸν
353 719 405 789 άεὶ
421 720 633 829 βουλόμενον
651 719 736 790 εἶναι
754 720 907 827 6066666
925 727 997 789 τῶν
1013 717 1052 790 ἐν
1068 729 1109 810 τῇ

102 804 198 874 πολει
209 810 455 911 παιδοτριβεῖν
474 832 529 874 nec
550 814 618 874 satis
640 803 773 874 0666
736 831 798 914 γαρ
817 805 897 886 τούς
915 803 1109 892 προγόνους

101 888 354 1001 ὑπολαμβάνω
353 887 395 956 τά
417 857 615 997 δικαστήρια
640 896 745 957 ταῦτα
769 890 851 976 ὑμῖν
874 893 1108 993 οίκοᾶομῆσαι,

101 979 158 1042 ἵνα
168 973 248 1050 τούς
258 970 433 1051 τοιούτους
445 969 483 1040 ἐν
494 971 609 1050 αὐτοῖς
620 972 815 1080 μοσχεύητε,
827 980 863 1040 ad
877 979 936 1041 hoc
952 978 984 1039 εί
1000 971 1108 1040 ὃὲκά-

102 1053 238 1140 πηλός’
225 1076 294 1122 εστι
312 1062 474 1142 πονηρίας
491 1058 546 1122 καὶ
563 1057 813 1143 παλιγκάπηλος
829 1059 885 1125 καὶ
902 1055 1108 1161 μεταβολευς
1117 1074 1147 1126 1⁰

102 1156 131 1206 et
144 1144 223 1205 mille
236 1143 312 1222 talia,
327 1153 357 1204 ut
370 1155 547 1224 praeteream
562 1165 635 1226 quae
650 1147 685 1207 ab
700 1148 847 1209 Aeschine
862 1138 1034 1226 θαύματα,
1052 1164 1109 1206 non

63 1243 94 1295 10
102 1221 229 1310 ρηματα
251 1238 396 1290 vocantur.
429 1229 461 1289 ln
479 1233 648 1291 contrarium
669 1231 769 1292 incidi:
792 1232 872 1292 dices
892 1229 970 1290 hunc
992 1247 1110 1309 queque

102 1313 140 1374 ob
158 1315 212 1376 ista
230 1311 345 1392 culpari.
377 1312 435 1374 Sed
450 1313 516 1374 vide
537 1312 641 1393 quanto
657 1318 746 1375 maior
767 1317 805 1376 sit
821 1317 868 1394 qui
885 1313 1110 1416 reprehenditur

100 1399 165 1476 ipso
186 1397 431 1497 reprehendente,
458 1409 487 1459 et
503 1401 591 1458 maier
610 1398 647 1459 ob
661 1399 743 1459 haee.
776 1399 808 1459 ln
822 1398 886 1462 aliis
900 1399 977 1458 eninr
992 1400 1110 1475 vis‚rn

60 1482 145 1546 llhis
160 1482 303 1560 granditas
319 1483 381 1542 cius
397 1481 502 1543 elucet.
521 1480 595 1542 Num
608 1492 702 1544 autern
714 1481 901 1545 Aeschines
892 1500 958 1580 rpsc
973 1481 1019 1542 his
1034 1499 1109 1560 quae
1117 1482 1147 1536 1ο

101 1568 129 1626 in
146 1566 341 1661 Dempsthene
361 1567 510 1663 carpebat
511 1563 666 1627 abstinuit?
692 1564 746 1664 666
759 1558 822 1645 γάρ
840 1556 944 1626 ταύτὰ
963 1563 1109 1644 φθέγγε-

101 1652 183 1745 6666
195 1643 255 1709 τὸν
254 1638 391 1748 ῥύτορα
408 1640 510 1709 καὶ
476 1668 537 1708 τον
547 1641 670 1749 66606·
690 1641 772 1710 ὅταν
784 1644 821 1710 66
834 1644 951 1729 ἑτέραν
963 1640 1028 1728 μὲν
1039 1668 1108 1729 φω-

101 1723 166 1829 666
183 1723 302 1811 άφιηο
323 1749 426 1808 νομος
445 1725 569 1828 ἑτέραν
579 1724 652 1794 666
671 1725 793 1830 ῥήτωρ.
821 1731 888 1794 Alio
907 1731 978 1793 loco
995 1729 1110 1793 ἔπειτα

101 1804 232 1912 ρἰναφα
216 1812 322 1874 ίνεται
338 1832 379 1874 πε
403 1808 415 1874 ὶ
432 1832 568 1876 παντων
587 1806 625 1876 ἒν
641 1835 686 1899 τρι
674 1816 805 1917 φωτί
824 1816 931 1878 lterum
950 1815 1008 1877 alic
1030 1806 1105 1877 ἀλλ’

102 1887 328 2001 ἐγκαθήμενοι
346 1832 434 1960 66'
415 1877 688 1999 ἐνεδρεύοντες’
674 1920 712 1962 ευ
720 1900 769 1999 τῇ
786 1891 947 1981 ἀκροάσει
960 1893 1107 1961 είσελαύ-
1115 1907 1150 1961 at

101 2000 175 2043 νετε
190 2002 296 2043 αυτον
308 1980 354 2055 είς
365 1974 426 2044 τού
456 1975 673 2084 παρανόμους
687 1963 820 2062 λάγους.
850 1984 935 2059 Quod
952 1984 1027 2045 adeo
1041 2001 1108 2082 prn-

60 2066 179 2130 lffihavit
191 2077 223 2129 ut
237 2075 350 2167 repetat
364 2058 425 2129 άλλ
459 2059 571 2168 ὥσπερ
590 2058 628 2130 ἐν
642 2075 713 2140 ταῖς
728 2065 965 2167 ἱπποδρομίαις
983 2067 1030 2141 είς
1045 2060 1109 2131 τὸν

101 2152 163 2212 τού
181 2144 373 2234 πράγματος
388 2142 493 2212 αύτόν
505 2144 634 2230 δρόμον
647 2143 866 2213 εἰσελαύνετε.
895 2152 955 2213 Iam
964 2151 1016 2213 illa
1031 2170 1108 2212 cem·

100 2235 211 2296 modius
228 2238 415 2316 pressiusque
438 2227 481 2333 σύ
499 2230 536 2296 66
555 2225 795 2334 ἑλκοποιεῖς,’“
774 2256 795 2315 η
815 2227 1086 2316 συλλαβάντες’
1063 2251 1114 2312 ως

103 2310 230 2397 ληστὴν
247 2320 316 2379 των
334 2312 538 2399 πραγμάτων
556 2311 612 2381 6r6
628 2319 687 2399 τῆς
703 2318 869 2393 πολιτείας
887 2317 1049 2400 πλέοντα,
1076 2329 1146 2386 etit

60 2409 93 2463 13
102 2399 175 2461 alisi
190 2400 325 2478 Expecto
339 2411 370 2462 ut
384 2402 521 2481 quaedam
531 2422 568 2464 cx
577 2404 629 2464 hac
641 2403 772 2483 epistula,
787 2403 900 2464 utillud
912 2405 1106 2482 ‘gubernacu-

100 2483 127 2544 la
140 2492 269 2561 gemunt’
293 2494 322 2544 et
343 2485 398 2544 dis
412 2504 496 2546 mans
506 2493 681 2566 proxumus
702 2488 793 2547 isdem
807 2491 882 2550 notis
898 2488 1004 2569 quibus
1022 2505 1056 2548 ea
1071 2487 1107 2548 de

99 2567 1107 2733 666656663366663263¹:6636663

100 2737 159 2800 dias
174 2737 258 2815 licet,
284 2737 351 2798 dum
369 2737 519 2799 modenam
532 2758 606 2800 nunc
622 2739 748 2800 destines
771 2737 846 2799 diem
865 2757 923 2819 quc
945 2748 976 2800 et
997 2739 1034 2800 de
1049 2737 1147 2811 illis36

101 2832 130 2883 et
151 2822 187 2883 de
207 2824 252 2883 his
274 2840 369 2884 coram
383 2824 501 2900 exigere
523 2826 677 2904 possimus.
708 2823 766 2883 hut
784 2825 859 2882 enim
872 2832 903 2883 tu
918 2842 965 2884 me
980 2821 1106 2883 timidum

99 2915 146 2965 aut
162 2924 219 2984 ego
234 2916 265 2968 te
281 2909 460 2969 temerarium
475 2906 584 2968 faciam.
617 2906 697 2967 Vale.

542 3040 658 3102 Xxvtl.

371 3139 397 3190 c.
416 3139 540 3192 nnrruus
558 3139 707 3191 sanusne
726 3139 786 3192 suc
804 3139 830 3195 a.
1113 3168 1146 3224 35

75 3249 89 3300 1
161 3239 269 3314 Quanta
285 3251 424 3319 potestas,
445 3253 546 3322 quanta
564 3243 701 3321 dignitas,
723 3253 825 3322 quanta
845 3247 996 3322 maiestas,
1020 3263 1106 3325 quarr-

99 3332 156 3382 tum
169 3325 290 3425 denique
304 3343 407 3385 numen
421 3328 457 3386 sit
471 3327 606 3388 historiae
622 3343 686 3386 cunr
706 3326 872 3406 frequenter
886 3328 956 3390 alias
967 3339 1027 3390 tum
1039 3347 1105 3408 pro

97 3408 173 3467 xime
189 3411 276 3470 sensi.
303 3407 484 3470 Recitaverat
499 3409 611 3492 quidam
624 3412 803 3472 verissimum
817 3411 920 3473 librum
936 3423 1104 3493 partemque
