2400 3840
265 203 526 266 EPISTULARUM
538 204 628 265 Vllll.
653 215 694 268 13.
920 204 980 270 181

59 373 96 416 an
108 354 205 417 velitis
219 355 342 417 adscribi
357 356 444 434 iacto,
460 358 487 415 in
499 374 556 436 quo
569 375 625 434 ego
638 359 742 418 comite
754 375 810 418 non
822 376 896 434 egeo
904 380 911 427 ;
930 358 981 418 sed

51 441 91 499 ita
104 438 213 516 gloriae
228 457 308 500 meae
322 439 439 500 laverim
454 448 485 498 ut
498 440 581 500 vobis
592 443 731 502 societate
743 441 804 503 eius
819 441 980 501 invideam?

44 522 92 583 z'ert
106 522 209 584 Anteia
226 521 368 602 mandata,
395 542 450 584 nec
464 521 530 584 illae
545 533 693 584 morantur.
717 523 885 604 Opportune
900 540 1007 595 sena-6

47 608 119 666 intra
139 606 213 667 diem
234 608 355 667 tertium.
390 606 488 668 Omnia
503 625 559 683 ego
575 625 691 687 semper
704 605 739 667 ad
755 606 908 669 Corellium
923 619 981 669 ret·

57 708 143 768 quem
157 690 432 770 providentissimum
444 693 543 751 aetatis
558 700 674 751 nostrae
687 691 980 770 sapientissimumque

44 776 121 834 novi:
143 775 171 833 in
186 773 243 834 hoc
257 784 350 835 tamen
367 784 516 836 contentus
532 773 652 836 consilio
666 790 731 835 meo
746 775 803 851 lui,
821 776 928 835 veritus
943 793 979 835 ue

45 867 105 927 ret;
128 868 187 918 erat
209 859 284 917 euim
304 859 481 918 cunctantior
502 859 678 936 cautiorque.
710 857 768 917 Sed
789 876 845 919 uon
861 859 979 918 sustinui

47 959 116 1001 cere
131 942 160 999 in
175 943 295 1001 animum
310 957 367 1020 quo
381 944 471 1002 miuus
485 939 526 1001 illi
543 941 645 1002 eodem
662 940 708 1002 dic
726 941 864 1003 iacturum
878 959 923 1002 me
938 944 978 1001 in·
1031 981 1037 1017 .·

43 1042 103 1085 rem
129 1024 205 1102 quod
223 1043 258 1084 au
279 1024 404 1085 lacerem
418 1043 475 1085 uon
493 1023 699 1103 deliberabam,
722 1036 859 1105 expertus
873 1043 925 1085 usu
942 1025 978 1086 de
1033 1044 1036 1048 ·

44 1107 110 1188 [uod
130 1107 315 1169 destinaveris
335 1126 391 1168 nou
414 1127 482 1170 esse
504 1107 697 1170 consulendos
719 1110 821 1186 quibus
843 1107 978 1170 consultis

44 1192 102 1271 equi
117 1190 234 1252 debeas.
255 1190 346 1251 Venio
361 1193 389 1251 in
405 1201 544 1269 senatum,
559 1193 603 1251 ins
616 1192 727 1273 dicendi
739 1202 819 1271 peto,
832 1192 897 1252 dico
911 1207 1003 1272 pau-7

44 1293 70 1335 er
80 1276 200 1335 maximo
212 1275 347 1336 adsensu.
375 1275 429 1337 Ubi
448 1277 533 1354 coepi
549 1277 655 1335 crimen
669 1276 820 1353 attingere,
835 1294 915 1336 reum
929 1276 965 1335 de

44 1377 101 1433 tre,
124 1358 215 1418 adhue
237 1369 329 1420 tamen
348 1359 410 1419 siue
431 1360 562 1435 nomine,
590 1357 713 1436 undique
734 1359 801 1418 milri
822 1358 978 1419 reclamari.

45 1462 59 1502 s
77 1443 210 1502 ‘sciamus
248 1443 291 1502 uis
305 1443 341 1502 sit
360 1440 396 1501 de
412 1459 468 1518 quo
490 1451 570 1501 extra
592 1440 718 1501 ordinem
739 1441 880 1509 referasr'
907 1441 978 1501 alius

44 1535 114 1586 sest
129 1535 193 1586 ante
207 1461 373 1585 relationem
386 1521 494 1586 rens?'
510 1523 582 1585 alius
598 1522 682 1586 ‘salvi
697 1525 800 1602 simus,
817 1526 864 1604 qni
879 1542 979 1603 super·

44 1612 100 1670 us.'
122 1607 215 1669 Audio
235 1609 446 1688 inperturbatus
468 1611 625 1670 interritus:
647 1617 752 1668 tantum
767 1617 921 1686 susceptae
935 1609 1004 1679 reis

44 1702 115 1753 estas
129 1691 206 1753 valet
225 1702 388 1771 tantumque
404 1692 439 1753 ad
460 1692 588 1753 fiduciam
602 1692 649 1752 vel
664 1701 768 1752 metum
782 1692 875 1753 differt
890 1691 979 1752 nolint

45 1778 108 1837 ines
124 1775 200 1855 quod
214 1777 302 1837 iacias
316 1794 351 1836 an
364 1793 419 1836 non
437 1777 570 1856 probent.
597 1776 723 1853 Longum
739 1785 784 1837 est
798 1778 890 1837 omnia
905 1794 978 1854 quae

44 1860 128 1919 rhiuc
149 1858 214 1920 inde
236 1861 308 1921 iacta
328 1869 392 1921 sunt
412 1879 575 1921 recensere.
607 1859 768 1920 Novissime
790 1859 890 1921 consul
911 1859 1003 1931 ‘Sc-9

44 1943 90 2022 le,
112 1945 269 2005 sententiae
284 1942 351 2003 loco
367 1942 464 2021 dices,
486 1946 510 2004 si
526 1943 594 2022 quid
607 1942 755 2004 volueris?
786 1943 975 2004 ‘Permiseris'

44 2045 92 2086 ‚am
102 2026 191 2107 ‘quod
207 2045 298 2104 usqne
313 2026 404 2087 adhuc
416 2027 543 2087 omuibus
558 2028 732 2106 permisisti?
755 2024 877 2086 Resido:
892 2044 978 2104 agun-

45 2110 107 2171 alia.
140 2109 254 2171 Interim
274 2128 319 2170 me
344 2109 454 2190 quidam
474 2129 511 2170 ex
532 2107 726 2170 consularibus
747 2110 844 2169 amicis
863 2117 977 2169 secreto
988 2128 1021 2179 10

44 2204 134 2273 ,toque
154 2212 303 2272 sermone,
329 2195 408 2273 quasi
427 2195 508 2254 nimis
530 2192 641 2254 fortiter
660 2194 829 2272 incauteque
844 2209 977 2271 progres-

49 2324 58 2356 ,
76 2280 210 2356 corripit,
225 2287 360 2356 revocat,
375 2287 470 2338 monet
485 2287 515 2337 nt
531 2276 682 2354 desistam,
703 2275 788 2336 adicit
803 2278 885 2337 etiam
899 2284 978 2337 uota·

44 2381 65 2421 nr
79 2381 124 2422 me
136 2362 236 2422 futuris
248 2362 433 2442 principibus.
457 2359 552 2422 ‘Esto’
569 2362 690 2439 inquam,
707 2358 784 2419 ‘dum
797 2358 899 2420 malis.’
922 2358 977 2419 vix
988 2376 1019 2428 11

46 2446 229 2523 discesserat,
245 2464 342 2508 rursus
358 2444 430 2506 alter
444 2445 523 2524 ‘quid
537 2441 646 2506 audes?
662 2461 718 2522 quo
734 2440 814 2504 ruis?
832 2444 932 2522 quibus
948 2451 977 2504 te

44 2528 115 2591 culis
133 2525 244 2591 obicis?
269 2529 335 2608 quid
350 2530 547 2610 praesentibus
570 2527 704 2606 confidis,
726 2530 851 2589 incertus
871 2527 978 2587 futuro·

45 2610 60 2672 l
82 2612 203 2675 lacessis
223 2613 364 2675 homiuem
378 2616 432 2674 ianr
452 2613 629 2693 praelectum
649 2614 749 2674 aerarii
772 2622 802 2673 et
816 2613 896 2673 brevi
912 2629 979 2671 con·

44 2716 88 2773 m,
106 2706 256 2776 praeterea
271 2715 326 2776 qua
343 2699 449 2776 gratia,
471 2697 571 2777 quibus
587 2698 715 2758 amicitiis
731 2695 864 2757 fultum!’
883 2693 984 2753 Nomi·

44 2780 188 2860 luendam,
205 2781 253 2859 qui
268 2789 335 2840 tunc
348 2782 532 2842 adorientem
546 2779 746 2860 amplissimum
758 2780 913 2839 exercitum
923 2794 979 2837 non

53 2866 161 2942 magnis
180 2863 329 2942 dubiisque
342 2865 500 2925 munoribus
515 2863 667 2924 obtinebat.
687 2862 731 2922 Ad
747 2861 820 2922 baec
835 2878 892 2938 ego
908 2865 978 2920 ‘om
988 2873 1027 2926 n*

44 2949 176 3027 praecepi
192 2947 285 3028 adque
302 2948 393 3008 aniuro
408 2964 519 3007 mecum
533 2954 597 3006 ante
616 2947 728 3024 peregi,
743 2961 797 3004 nec
814 2962 935 3022 recuso,
954 2946 979 3004 si

44 3050 124 3092 casus
148 3031 289 3109 attulerit,
318 3030 398 3092 luere
426 3047 533 3108 poenas
555 3029 592 3090 ob
612 3029 840 3089 honestissimum
862 3028 977 3104 lactum,

44 3168 45 3171 ,
68 3115 318 3194 flagitiosissimum
338 3113 486 3175 ulciscor.'
516 3112 574 3174 lam
596 3111 730 3174 censendi
751 3121 874 3190 ternpus.
902 3112 1021 3177 Dicitis

44 3199 119 3260 nitius
138 3197 329 3276 Apollinaris,
351 3196 451 3260 consul
469 3196 647 3276 designatus,
669 3197 736 3256 dicit
754 3195 900 3256 Fabricius
921 3195 978 3254 Ve-

44 3300 74 3359 o,
96 3281 200 3342 Fabius
219 3281 401 3360 Maximinus,
428 3282 540 3342 Vettius
559 3278 713 3358 Proculus,
739 3278 851 3358 collega
870 3278 979 3339 Publici

44 3368 76 3443 ti,
100 3366 135 3426 de
151 3383 206 3445 quo
223 3366 375 3444 agebatur,
390 3366 485 3426 uxoris
499 3383 579 3425 meae
594 3381 676 3442 quarn
690 3366 836 3427 amiseram
850 3364 981 3437 vitricus,

44 3492 46 3506 .
62 3450 115 3510 hos
130 3450 256 3510 Ammius
271 3449 402 3512 macons.
427 3450 534 3512 Omnes
547 3446 670 3512 Certum
678 3445 1001 3512 nondumnmennn'o·
