2400 3840
371 213 636 277 ranucuurous
651 225 693 280 ss.
709 225 751 280 ss.
767 226 810 280 eo.
899 186 901 192 ’
1038 189 1102 280 aus

155 367 212 428 Sed
227 369 281 427 ianr
297 377 410 446 ternpus
426 377 470 428 est
484 378 513 429 te
533 369 587 447 ipsi
604 367 762 429 consulatui
782 377 943 447 praestare,
969 379 1001 431 ut
1014 373 1100 432 maio·
1112 373 1153 435 59

91 470 152 512 reru
169 470 233 514 euru
251 451 435 530 suscipiendo
450 451 638 530 gerendoque
659 451 757 513 iacias.
789 450 859 511 Nam
881 455 996 532 saepius
1016 472 1101 516 recu·

92 554 157 599 sare
179 536 339 613 ambiguam
352 553 386 594 ac
405 538 500 614 potius
522 533 599 594 illam
620 535 883 616 interpretationem
904 534 1006 616 babet,
1032 548 1100 599 tam·

92 638 175 700 qnam
190 621 328 679 minorem
344 629 437 697 putes.
472 618 512 678 'lu
528 618 643 698 quidem
656 628 687 679 ut
701 620 849 678 maximum
869 623 1025 691 recusasti;
1047 624 1101 684 sed

63 707 144 767 eboc
158 702 333 784 persuadere
347 704 450 762 nemini
466 704 587 781 poteris,
605 705 658 764 nisi
673 701 823 782 aliquando
836 712 865 762 et
877 720 934 764 uon
947 723 1100 766 recusare·

90 791 139 850 ris.
164 786 235 847 Corn
247 804 348 865 arcus,
362 804 425 846 cum
436 795 563 866 tropaea,
581 805 644 846 cnm
657 796 763 848 statuas
775 785 958 866 deprecaris,
974 789 1100 851 tribucu-

91 874 125 933 da
147 881 192 932 est
211 870 402 931 verecundiae
424 880 490 931 tuae
509 873 610 939 veuia;
633 870 681 930 illa
702 872 777 931 enim
798 888 866 931 saue
888 872 939 930 tibi
960 871 1101 934 dicantur:

89 975 165 1017 nunc
192 972 262 1015 vero
284 955 459 1035 postulamus
487 964 517 1015 ut
543 953 653 1016 iuturus
680 955 825 1034 principes
852 954 958 1016 doceas
983 957 1100 1018 inertiae

90 1041 268 1117 renuntiare,
291 1038 439 1120 paulisper
453 1039 571 1100 delicias
586 1039 717 1114 dilierre,
739 1037 887 1118 paulisper
904 1048 934 1098 et
949 1038 1050 1102 saltem
1065 1042 1101 1102 ad

49 1126 290 1190 lobrevissimum
311 1133 425 1201 tempus
447 1141 484 1184 err
503 1123 555 1183 illo
575 1123 720 1184 felicitatis
743 1140 843 1184 somno
865 1120 945 1184 velut
960 1127 1099 1186 excitatos
1137 1120 1139 1125 ’

89 1209 208 1268 induere
231 1218 424 1287 praetextam,
455 1225 554 1285 quam,
574 1225 644 1267 ‘cum
665 1207 732 1268 dare
750 1216 889 1286 possent,
914 1210 1098 1288 occuparint,

91 1291 256 1352 ascendere
266 1290 409 1366 curulem,
436 1308 519 1368 quam
535 1290 694 1369 detineant,
717 1308 785 1350 esse
801 1290 924 1368 denique
940 1291 1017 1368 quod
1032 1310 1100 1352 con·

91 1376 258 1454 cupierunt,
285 1391 340 1433 nec
364 1372 430 1432 ideo
458 1382 565 1432 tantum
591 1372 669 1434 velle
696 1373 830 1434 consules
851 1374 913 1432 lieri
933 1383 964 1433 ut
985 1374 1097 1434 luerint.

93 1458 214 1520 Gessisti
234 1457 353 1517 alterum
375 1455 569 1534 consulatum,
599 1459 676 1517 scio:
703 1456 783 1515 illum
803 1456 996 1534 exercitibus,
1020 1456 1099 1517 illurn

48 1557 82 1610 15
95 1543 268 1624 provinciis,
284 1540 362 1600 illurn
374 1542 457 1601 etiam
473 1541 580 1601 exteris
594 1541 727 1617 gentibus
746 1542 854 1618 poteris
872 1540 1019 1618 inputare,
1042 1558 1100 1601 uou

92 1639 176 1708 potes
191 1627 283 1686 nobis.
305 1624 442 1686 Audimus
461 1624 574 1704 quidem
591 1633 620 1684 te
636 1641 718 1684 omne
732 1642 832 1684 munus
847 1624 973 1697 consulis
989 1626 1097 1701 obisse,

91 1711 144 1773 sed
159 1710 296 1770 audimus.
324 1709 438 1771 Diceris
458 1709 629 1770 iustissimus
644 1709 859 1768 humanissimus
874 1710 1098 1787 patientissimus

91 1796 198 1872 inisse,
216 1795 268 1855 sed
285 1793 399 1866 diceris.
426 1792 558 1872 Aequum
573 1802 618 1854 est
632 1791 782 1872 aliquando
796 1807 850 1851 nos
864 1792 969 1853 iudicio
986 1802 1096 1872 nostro,

92 1879 184 1941 oculis
194 1879 311 1957 nostris,
323 1895 379 1938 uon
391 1876 481 1937 lamae
493 1894 607 1957 semper
619 1886 648 1937 et
659 1877 819 1937 rumoribus
831 1875 960 1938 credere.
986 1877 1097 1950 Quous-

48 1977 147 2044 20que
160 1964 294 2023 absentes
306 1962 342 2021 de
354 1962 473 2023 absente
484 1957 691 2039 gaudebimus?
701 1959 798 2021 Liceat
810 1960 935 2039 experiri
946 1979 980 2020 au
992 1961 1099 2040 aliquid

91 2048 243 2126 superbiae
258 2046 308 2107 tibi
323 2044 371 2104 ille
392 2045 455 2122 ipse
471 2044 614 2106 secundus
630 2043 792 2104 consulatus
809 2043 944 2109 attulerit.
979 2042 1098 2104 lllultum

91 2135 119 2191 in
135 2130 328 2190 conmutandis
343 2129 468 2189 moribus
482 2128 623 2188 bominum
639 2128 749 2188 medius
764 2146 851 2188 annus
865 2127 958 2206 valet,
980 2131 1009 2187 in
1022 2129 1098 2207 priu-

93 2217 188 2294 cipum
207 2213 283 2292 plus.
320 2213 448 2272 Dicimus
470 2212 601 2293 quidem,
634 2214 680 2272 oui
706 2214 796 2272 virtus
823 2211 916 2290 aliqua
942 2214 1097 2290 contingat,

92 2317 190 2359 omnes
211 2300 322 2359 inesse:
348 2297 477 2376 cupimus
498 2306 591 2357 tamen
613 2296 739 2376 experiri
760 2314 795 2357 au
816 2314 890 2355 nunc
908 2313 1024 2374 quoque
1044 2315 1099 2356 una

48 2395 83 2448 25
93 2382 248 2461 eademque
262 2401 310 2442 res
324 2383 363 2441 sit
379 2381 471 2442 bouus
486 2380 587 2441 consul
603 2390 632 2441 et
648 2381 739 2441 bonus
756 2382 901 2459 princeps.
930 2380 1001 2440 Nam
1016 2398 1098 2460 prae-

91 2478 136 2529 ter
149 2467 178 2528 id
193 2466 270 2547 quod
283 2476 328 2527 est
342 2464 476 2543 arduum,
497 2464 566 2526 duas
583 2482 691 2544 easque
709 2463 792 2525 simul
810 2481 915 2543 capere
938 2473 1098 2545 potestates

92 2569 223 2628 summas,
238 2561 297 2612 turn
312 2552 386 2611 inest
400 2551 512 2628 utrique
528 2565 585 2609 non
599 2549 677 2609 uulla
692 2548 853 2627 diversitas,
867 2566 929 2607 curn
941 2550 1099 2628 principem

92 2652 176 2713 quam
189 2634 371 2696 simillimum
383 2635 598 2712 receptaculo,
612 2634 869 2711 consolamentum
884 2632 1098 2694 dissimillimum

92 2719 204 2778 deccat.
236 2718 331 2797 Atque
348 2736 406 2795 ego
421 2717 505 2778 video
521 2719 650 2796 proximo
670 2734 742 2777 anno
763 2714 928 2776 consulatus
946 2714 1098 2775 recusandi
1108 2719 1150 2780 60

48 2803 164 2870 30banc
177 2802 358 2880 praecipuam
368 2801 459 2861 luisse
470 2804 619 2878 rationem,
637 2800 713 2879 quod
725 2816 787 2858 eum
801 2798 907 2858 absens
922 2815 1027 2875 gerere
1041 2816 1098 2857 non

90 2895 221 2966 poteras:
243 2884 294 2945 sod
315 2885 368 2943 ianr
388 2884 452 2944 urbi
471 2886 604 2962 votisque
620 2882 743 2960 publicis
757 2880 901 2958 redditus,
925 2880 991 2958 quid
1009 2883 1098 2942 estin

93 2987 149 3049 quo
164 2970 254 3046 magis
271 2969 310 3028 sis
326 2966 533 3046 adprobaturus
550 2985 623 3046 quae
638 2976 798 3046 quantaque
816 2964 920 3025 inerint
935 2983 1008 3043 quae
1022 2965 1097 3026 desi·

93 3048 281 3114 derabamus?
308 3050 407 3110 Parum
423 3060 467 3111 est
484 3060 513 3112 ut
529 3052 557 3110 in
574 3051 679 3110 curiam
692 3052 808 3127 venias,
826 3049 880 3109 nisi
895 3058 924 3109 et
940 3066 1097 3127 convoces,

92 3147 123 3198 ut
145 3137 260 3197 intersis
282 3137 410 3212 senatui,
439 3135 493 3195 uisi
515 3144 545 3195 et
568 3133 750 3212 praesideas,
775 3143 806 3194 ut
821 3141 973 3194 censentes
988 3134 1096 3210 audias,

49 3223 147 3286 35uisi
166 3230 195 3280 et
210 3236 360 3299 perrogas.
390 3218 440 3278 Vis
456 3218 526 3278 illud
540 3219 766 3296 angustissimum
782 3215 929 3278 consulum
947 3217 1097 3298 aliquando

92 3303 213 3364 tribuual
228 3303 366 3363 maiestati
378 3302 447 3362 s'uae
461 3299 607 3363 reddere?
626 3301 760 3362 ascende.
788 3301 840 3363 Vis
862 3311 994 3363 constare
1015 3317 1098 3360 reve·

92 3391 210 3448 rentiam
227 3386 452 3464 magistratibus,
469 3385 583 3464 legibus
599 3386 806 3464 auctoritatem,
820 3382 986 3446 modestiam
999 3391 1098 3463 postu·

92 3470 237 3532 lantibus‘?
259 3473 313 3531 adi.
343 3469 428 3543 Quod
443 3471 516 3530 enim
530 3470 745 3531 interesset‘rcl
761 3469 920 3614 publiclaseg¹
935 3470 959 3529 si
974 3470 1099 3548 privatus
