2400 3840
394 188 659 252 Pnnuuumcbs
679 200 824 254 31.32.33·
1047 193 1111 258 2⁵7

104 341 151 420 gia
165 341 255 401 inania
270 351 299 402 et
314 359 404 402 vacua
418 352 447 403 et
458 343 559 404 similia
573 343 773 422 redeuntibus,
790 345 855 405 binc
866 343 952 422 plena
965 355 995 407 et
1010 357 1111 408 onusta

105 433 135 485 et
152 424 245 504 qualia
266 425 362 486 solent
376 427 476 486 venire
493 429 652 505 mittantur,
682 445 883 507 conversoque
894 447 1012 509 munere
1025 432 1110 492 maris

103 508 170 569 binc
185 510 280 586 potius
300 511 378 570 venti
397 508 526 570 ferentes
542 520 572 571 et
587 511 683 571 brevis
700 529 800 572 cursus
815 519 966 590 optentur,
995 511 1108 592 Mirum,

105 589 229 671 Caesar,
245 592 402 670 videretur,
418 596 443 654 si
459 593 587 654 desidem
600 592 765 672 Aegyptum
781 588 1000 674 cessantemque
1016 595 1110 657 Nilum

79 673 161 736 5non
176 677 318 737 sensisset
334 677 412 737 urbis
430 694 554 747 annona;
575 695 648 757 quae
662 679 718 739 tuis
733 678 853 757 opibus,
874 688 921 739 tua
936 697 1003 739 cura
1017 698 1110 759 usque
1140 683 1142 686 ’

103 759 172 819 illuc
188 760 367 839 redundavit,
385 769 415 820 ut
430 760 513 821 simul
530 761 700 839 probaretur
712 770 742 822 et
756 778 810 822 nos
824 760 960 840 Aegypto
976 780 1065 841 posse
1081 772 1109 823 et

103 844 185 904 nobis
198 842 364 922 Aegyptum
377 863 476 905 carere
487 861 544 904 non
554 861 653 922 posse.
674 845 779 906 Actum
791 855 851 906 erat
862 845 898 907 de
909 845 1110 907 fecundissima

103 935 207 1005 gente,
224 929 248 988 si
262 929 353 989 libera
367 928 485 989 fuisset:
505 927 630 1006 pudebat
645 928 802 991 sterilitatis
816 928 965 1007 insolitae,
987 948 1043 991 nec
1058 930 1108 989 mi·

103 1028 156 1070 nus
175 1011 364 1073 erubescebat
375 1011 449 1074 fame
464 1029 546 1092 quam
562 1013 765 1091 torquebatur,
785 1031 848 1073 curn
863 1015 970 1092 pariter
983 1031 1000 1074 a
1012 1023 1043 1074 te
1058 1032 1106 1073 ne·

63 1096 95 1146 lo
104 1095 285 1157 cessitatibus
301 1097 363 1157 eius
377 1096 536 1176 pudorique
552 1097 722 1158 subventum
736 1105 789 1158 est.
827 1096 985 1177 Stupebant
999 1098 1109 1175 agrico-

103 1177 147 1237 lae
161 1177 246 1255 plena
260 1179 380 1259 horrea,
402 1198 475 1259 quae
495 1197 552 1239 nou
563 1182 619 1260 ipsi
633 1181 837 1258 refersissent,
863 1182 966 1260 quibus
982 1180 1017 1240 de
1033 1198 1108 1241 cam-

102 1263 147 1339 pis
168 1261 217 1321 illa
238 1262 377 1323 subvecta
390 1265 512 1340 messis,
536 1281 627 1341 quare
640 1262 669 1323 in
683 1265 811 1342 Aegypti
825 1275 906 1343 parte
920 1263 992 1324 alius
1009 1266 1106 1324 amnis.

102 1343 144 1404 lta
159 1344 300 1405 beneflcio
315 1355 366 1406 tuo
377 1363 433 1406 nec
447 1345 569 1423 maligna
580 1344 678 1424 tellus,
694 1358 724 1409 et
743 1348 908 1426 obsequens
918 1337 1107 1424 Nilusllegy·

102 1437 152 1507 pto
169 1428 282 1521 quidem
298 1447 403 1508 saepe,
430 1427 482 1488 sod
497 1429 607 1506 gloriae
627 1438 741 1491 nostrae
763 1448 911 1509 numquam
928 1429 1035 1508 largior
1055 1429 1107 1488 llu-

61 1518 93 1568 15
101 1510 264 1585 xitsQuam
286 1531 360 1573 nunc
380 1513 456 1572 iuvat
477 1514 639 1591 provincias
661 1531 759 1576 omnes
780 1516 809 1573 in
829 1514 913 1574 fidem
926 1522 1050 1574 nostram
1063 1512 1104 1572 di·
1116 1521 1162 1585 32

101 1598 265 1674 tionemque
278 1598 411 1673 venisse,
430 1605 582 1676 postquam
597 1598 716 1675 contigit
729 1599 881 1677 princeps,
904 1599 952 1676 qui
968 1607 1105 1658 terrarum

102 1678 303 1741 fecunditatem
313 1698 387 1740 nunc
399 1680 455 1740 buc
465 1698 540 1741 nunc
556 1678 695 1758 illuc,ut
707 1690 819 1760 tempus
838 1691 866 1742 et
881 1681 1040 1742 necessitas
1055 1697 1106 1758 po·

35 1760 49 1823 J
103 1772 211 1842 sceret,
228 1764 394 1825 transferret
408 1764 600 1843 referretque,
616 1766 663 1843 qui
679 1764 845 1844 diremptam
861 1767 928 1830 mari
945 1774 1062 1842 gentem
1075 1773 1107 1825 ut

40 1883 42 1890 ι
103 1856 211 1926 partem
230 1846 350 1927 aliquam
366 1846 465 1927 populi
481 1847 634 1927 plebisque
649 1848 793 1909 Romanae
808 1848 899 1909 aleret
914 1867 948 1909 ac
962 1847 1105 1910 tueretur!

59 1930 139 1992 20Et
155 1931 236 1992 caelo
253 1933 366 2010 quidem
380 1950 529 2010 numquam
544 1932 703 2009 benignitas
717 1942 792 1993 tanta
803 1941 834 1992 ut
845 1949 944 1992 omnes
956 1931 1037 1992 simul
1048 1941 1105 1991 ter·

101 2034 147 2076 ras
161 2016 275 2078 ubertet
287 2015 452 2094 foveatque:
469 2015 517 2075 hic
529 2016 659 2076 omnibus
674 2017 796 2095 pariter,
813 2016 837 2075 si
848 2032 905 2074 non
915 2014 1105 2093 sterilitatem,

101 2109 129 2160 at
140 2096 210 2158 mala
228 2098 382 2161 sterilitatis
398 2099 542 2160 exturbat:
562 2097 625 2176 hic,
647 2101 741 2160 sinon
755 2096 975 2176 fecunditatem,
991 2107 1019 2159 at
1031 2096 1107 2157 boua

101 2183 283 2243 fecunditatis
298 2184 435 2260 inportat:
450 2182 497 2243 bic
512 2181 629 2243 alteruis
646 2181 849 2244 commeatibus
862 2180 1008 2241 Orientem
1021 2179 1106 2240 Occi·

104 2267 274 2345 dentemque
295 2268 438 2344 conectit,
465 2274 496 2326 ut
511 2284 583 2344 quae
599 2266 693 2327 ierunt
707 2285 838 2346 quaeque
855 2274 992 2345 expetunt
1006 2282 1106 2324 omnes

58 2353 206 2429 argentes
229 2351 351 2412 invicem
373 2352 501 2430 capiant,
530 2359 559 2410 et
579 2349 688 2410 discant
705 2360 809 2430 quanto
829 2349 960 2410 libertate
982 2347 1107 2411 discordi

102 2436 291 2498 servientibus
306 2436 344 2496 sit
358 2434 452 2495 utilius
470 2451 555 2493 unum
569 2453 637 2496 esse
652 2437 697 2495 cui
711 2436 860 2513 serviantu'
869 2432 984 2512 Quippe
999 2432 1106 2494 discre-

101 2521 137 2579 tis
159 2520 272 2598 quidem
292 2519 374 2581 bonis
396 2518 518 2580 omnium
539 2536 590 2579 sua
606 2520 743 2598 cuiusque
757 2519 792 2579 ad
809 2516 938 2596 singulos
952 2517 1039 2587 mala;
1059 2533 1106 2577 so·

103 2604 289 2665 ciatis‘autem
305 2613 390 2684 atque
405 2603 551 2683 permixtis
566 2602 742 2682 singulorum
755 2602 827 2665 mala
841 2602 876 2663 ad
893 2602 1049 2676 neminem,
1071 2598 1106 2660 ad

102 2702 200 2746 omnes
216 2689 338 2747 omnium
353 2687 428 2749 bona
444 2688 595 2767 pertinent.
623 2687 682 2746 Sed
699 2689 761 2748 sive
776 2689 860 2747 terris
876 2685 1004 2745 divinitas
1019 2701 1105 2762 quac·

58 2769 164 2829 eodan
177 2770 238 2830 sire
256 2769 358 2849 aliquis
372 2773 499 2832 amnibus
516 2772 635 2848 genius,
653 2779 681 2830 et
701 2770 794 2830 solnm
808 2767 878 2829 illud
894 2778 924 2829 et
942 2767 1046 2826 flumen
1063 2767 1105 2844 ip·

102 2870 165 2914 sum
179 2869 284 2930 precor
296 2861 327 2912 ut
341 2853 395 2914 bac
409 2855 546 2932 principis
561 2854 736 2930 benignitate
752 2861 932 2930 contentum,
947 2850 1026 2910 molli
1040 2867 1106 2928 gre·

103 2938 158 2996 mio
174 2937 281 2996 semina
297 2935 448 3015 recondat,
462 2933 646 3014 multiplicata
660 2937 801 2998 restituat.
820 2934 1009 3014 Non-quidem
1020 2950 1105 3010 repo·

103 3021 207 3080 ecimus
222 3020 321 3083 fenus:
337 3029 418 3099 putet
436 3030 529 3081 tamen
544 3038 611 3080 esse
622 3018 806 3097 solvendum,
824 3018 1012 3098 fallacemque
1023 3018 1105 3077 unius

101 3105 166 3165 anni
188 3103 271 3164 iidem
292 3105 422 3164 omnibus
442 3104 522 3164 annis
543 3103 730 3182 omnibusque
753 3113 856 3184 postea
882 3103 1005 3165 saeculis
1027 3108 1105 3162 tanto

56 3199 93 3254 35
101 3190 208 3267 magis,
225 3189 360 3266 quianon
375 3188 530 3266 exigimus,
546 3197 675 3248 excuset.

166 3271 240 3331 Satis
264 3270 370 3331 factum
385 3289 440 3351 qua
455 3272 557 3330 civium
573 3288 628 3350 qua
642 3272 785 3333 sociorum
798 3270 971 3333 utilitatibus.
1005 3270 1104 3332 Visun
1115 3264 1157 3328 33

102 3364 148 3416 est
163 3355 360 3434 spectaculum
374 3354 439 3415 inde
453 3372 510 3414 non
521 3373 627 3416 enerve
638 3374 693 3416 nec
707 3356 829 3434 fluxum,
844 3373 899 3417 noc
912 3355 988 3436 quod
998 3354 1106 3414 animos

102 3438 226 3498 virorum
248 3438 372 3500 molliret
397 3448 426 3501 et
446 3439 607 3518 frangeret,
634 3439 686 3500 sed
707 3439 784 3520 quod
800 3440 835 3501 ad
855 3438 974 3584 pqlcbra
988 3436 1106 3499 vulnera

145 3527 218 3581 Pumr
234 3526 285 3584 En.
319 3570 331 3591 .
716 3548 719 3555 ¹
860 3522 878 3584 l
