2400 3840
375 177 634 242 EPISTULARUM
648 179 684 239 V.
705 189 731 244 i.
746 191 774 245 8·
1028 179 1070 246 9⁷

61 328 142 397 rius;
156 328 232 391 nulla
244 333 404 392 necessitas
420 341 518 409 togae,
532 348 615 391 nemo
631 332 788 392 accersitor
802 349 839 393 ex
849 333 993 410 proximo:
1010 333 1069 411 pla·

62 413 130 474 oida
146 415 237 475 omnia
251 422 281 474 et
299 416 475 493 quiescentia
481 437 489 485 ;
509 414 587 493 quod
606 416 699 493 Ipsum
716 414 871 476 salubritati
890 417 1017 495 regionis
1039 426 1070 478 nt

62 497 164 576 purius
181 496 303 576 caelum,
318 507 349 558 ut
363 504 414 558 a'er
427 498 560 577 liquidior
577 498 697 559 accedit.
723 496 766 559 lbi
777 500 880 577 animo,
895 500 934 560 ibi
947 517 1069 578 corpore

62 581 186 640 mammo
200 581 297 642 valeo.
327 579 398 640 Nam
412 582 512 642 studiis
529 584 663 658 animum,
686 591 789 642 venatu
808 599 913 661 corpus
934 601 1069 644 exerceo.

42 662 125 724 silei
137 681 255 744 quoque
265 683 403 744 nusquam
418 665 559 728 salubrius
574 664 696 742 degunt:
710 683 803 743 usque
816 665 909 726 adbuc
924 675 1004 728 certe
1019 686 1113 742 ητα-46

62 748 169 808 nmen
184 767 222 808 ex
235 749 271 810 iis
286 766 360 827 quos
376 749 527 810 eduxeram
541 766 653 809 mecum
664 747 762 827 (venia
773 750 811 810 sit
825 750 917 828 dicto)
930 751 970 811 ibi
979 751 1067 811 amisi.

62 829 197 892 Iiimodo
211 833 240 892 in
251 842 397 911 postemm
407 832 465 894 boc
475 831 542 891 mibi
557 831 698 910 gaudium,
712 831 784 893 banc
799 829 917 910 gloriam
929 831 996 893 loco
1008 852 1068 895 ser·

62 923 144 974 vent.
176 913 259 976 Vale.

534 997 587 1058 Vll

42 1128 57 1182 Β
335 1096 362 1147 (l.
383 1096 508 1148 PLINIUS
526 1095 675 1148 cacvtslo
694 1094 755 1147 SUO
772 1094 798 1145 S.

128 1193 192 1256 Nec
207 1194 344 1257 heredem
360 1199 466 1259 institui
486 1216 542 1259 nec
560 1197 731 1277 praecipere
749 1214 838 1275 posse
852 1214 914 1258 rem
928 1196 1092 1276 publicanl

64 1287 192 1341 constat:
207 1278 372 1342 Saturninus
387 1291 499 1359 autem,
522 1283 571 1361 qui
584 1298 637 1341 nos
651 1279 767 1359 reliquit
780 1279 915 1358 heredes,
932 1281 1068 1360 quadran·

63 1372 124 1424 tem
137 1365 181 1423 rei
194 1363 328 1443 publicae
342 1374 469 1443 nostrae,
486 1364 588 1424 deinde
602 1381 655 1442 pro
668 1362 820 1442 quadrante
835 1366 1069 1443 praeceptionem

64 1444 332 1526 quadringentorum
353 1449 458 1508 milium
472 1447 559 1507 dedit.
591 1446 670 1522 Hoc,
684 1447 709 1506 si
723 1448 767 1507 ius
781 1448 921 1525 aspicias,
944 1448 1067 1525 inritum,

42 1530 88 1594 isi
104 1528 232 1592 defuncti
254 1530 443 1608 voluntatem,
464 1540 554 1591 ratum
567 1539 597 1590 et
612 1531 719 1589 iirmum
738 1538 793 1590 est.
823 1527 892 1589 blibi
910 1539 1003 1590 autem
1018 1528 1094 1600 dea

62 1613 154 1674 mncti
167 1613 297 1676 voluntas
314 1616 435 1694 (vereor
449 1631 532 1695 quam
542 1614 571 1673 in
583 1624 693 1693 partem
704 1614 772 1673 iuris
784 1612 906 1674 consulti
917 1613 994 1692 quod
1006 1631 1069 1674 sum

62 1697 191 1759 dicturus
213 1698 366 1778 accipiant)
386 1698 526 1778 antiquior
546 1699 608 1758 iure
629 1706 691 1774 est,
716 1698 814 1777 utique
833 1698 862 1756 in
884 1714 920 1757 eo
936 1697 1012 1776 quod
1033 1695 1069 1757 ad

62 1797 239 1842 communem
254 1783 370 1859 patriam
380 1780 471 1842 voluit
487 1781 650 1860 pervenire.
680 1780 743 1860 An,
765 1779 811 1840 cui
827 1779 863 1840 de
880 1797 946 1842 meo
960 1791 1093 1851 cester-3

61 1865 132 1925 tium
151 1864 310 1943 [seldecies
332 1864 456 1944 contuli,
479 1864 547 1925 buic
565 1863 833 1943 quadringentorum
853 1863 958 1924 milium
981 1865 1067 1944 paulo

42 1947 184 2028 comptius
194 1949 306 2009 tertiam
319 1958 428 2028 partem
439 1966 476 2009 ex
487 1947 647 2008 adventicIo
660 1943 823 2025 denegem?
833 1947 902 2007 Scio
913 1957 1067 2027 tequoque

62 2051 79 2093 a
98 2030 205 2092 iudicio
222 2049 287 2091 meo
306 2049 363 2092 non
383 2031 554 2109 abhorrere,
577 2047 640 2091 oum
659 2029 777 2090 eandem
797 2029 1016 2108 rempublicam
1037 2040 1068 2090 ut

62 2115 134 2175 ciris
158 2116 281 2194 optimus
302 2114 413 2194 diligas.
445 2113 537 2174 Velim
558 2131 648 2191 ergo,
673 2130 736 2172 cum
750 2113 878 2191 proxime
893 2112 1091 2181 decurIones4

63 2197 281 2276 contrahentur,
304 2198 371 2279 quid
386 2200 423 2260 sit
443 2199 511 2258 iuris
527 2196 647 2274 indices,
664 2212 750 2274 parce
764 2205 857 2256 tamen
872 2204 902 2256 et
918 2195 1064 2266 modeste;

62 2281 167 2344 deinde
190 2282 343 2360 subiungas
363 2300 416 2345 nos
439 2280 641 2361 quadringenta
659 2278 734 2339 milia
755 2278 877 2357 oiierre,
898 2280 972 2340 sicut
986 2297 1068 2359 prae-

42 2366 178 2446 aceperis
197 2365 371 2427 Saturninus.
410 2364 490 2425 Illius
508 2363 565 2424 hoc
585 2380 701 2441 munus,
728 2361 805 2423 illius
823 2361 993 2433 liberalitem
1015 2379 1066 2423 no·

62 2458 154 2513 strum
171 2458 277 2509 tantum
293 2449 460 2529 obsequium
480 2455 608 2508 vocetur.
642 2445 721 2507 llaec
735 2463 792 2525 ego
807 2446 936 2508 scribere
950 2446 1094 2525 publices

61 2531 232 2613 supersedi,
248 2534 381 2612 primum,
398 2532 474 2611 quod
485 2532 664 2591 memineram
678 2547 731 2609 pro
747 2529 960 2592 necessitudine
973 2532 1067 2592 amici·

61 2617 273 2694 manassae,
303 2634 356 2696 pro
378 2614 513 2677 iacultate
533 2613 700 2695 pmdentiae
722 2623 788 2674 tuae
809 2623 838 2674 et
859 2612 966 2675 debere
988 2623 1017 2673 te
1039 2622 1069 2673 et

61 2716 154 2779 posse
169 2698 289 2778 perinde
304 2701 375 2760 meis
391 2717 425 2760 ac
439 2700 494 2760 tuis
511 2698 637 2776 partibus
654 2697 748 2775 iungi3
771 2696 891 2774 deinde,
907 2698 971 2775 quia
984 2712 1067 2755 rere·

42 2783 114 2842 bbar
130 2798 169 2842 ne
186 2782 310 2861 modom,
326 2801 411 2862 quem
424 2783 474 2843 tibi
489 2783 518 2841 in
529 2798 662 2842 somnone
677 2779 821 2840 custodire
835 2777 920 2838 facile
941 2787 1004 2854 est,
1024 2786 1067 2837 te·

61 2866 162 2926 nuisse
176 2865 206 2927 in
223 2865 345 2944 epistula
358 2883 415 2926 non
430 2865 554 2925 viderer.
575 2862 646 2923 Nam
661 2878 821 2924 sermonem
830 2859 937 2938 vultus,
952 2869 1094 2940 aestuati

61 2966 120 3009 vox
133 2951 198 3028 ipsa
213 2949 384 3028 moderatur,
402 2948 524 3028 epistula
537 2947 665 3007 omuibus
681 2943 968 3005 commendationibus
980 2944 1066 3007 desti·

61 3041 123 3095 tuta
137 3030 303 3110 malignitati
319 3032 561 3111 interpretantium
576 3033 737 3110 exponitur.
768 3025 849 3088 Vale.

527 3145 594 3207 VIII

42 3247 54 3300 b
267 3245 294 3301 0.
313 3245 436 3297 PLINIUS
456 3245 573 3298 TITINIO
593 3244 740 3297 cormorii
756 3242 817 3295 SUO
833 3242 860 3294 S.

126 3329 238 3393 Suades
255 3340 286 3391 ut
300 3330 446 3392 bistorIam
463 3331 602 3409 scribam,
629 3340 658 3392 et
672 3330 776 3391 suades
796 3346 853 3390 non
866 3328 961 3391 solus:
986 3326 1088 3390 muitit

62 3414 499 3558 h⁰ssq¹g1⁰2⁸ss⁶p⁰m⁰¹m⁰ffl⁰³⁹
524 3424 554 3476 et
573 3431 630 3492 ego
650 3414 736 3492 volo,
762 3431 819 3474 non
833 3415 898 3493 quia
918 3410 1066 3472 commode
1171 3475 1175 3482 ,
