2400 3840
531 169 566 232 G.
586 170 684 233 PLINl

308 327 357 387 ille
376 324 522 403 ciliniae,
538 324 588 384 ille
605 332 674 404 quot
692 321 832 385 Catones!

311 413 419 488 inune,
436 409 564 490 quisquis
576 426 663 486 amas,
679 426 772 469 amare
786 406 854 468 noli.

80 495 193 569 5Vides
209 511 292 573 quam
305 504 387 556 acuta
402 495 503 570 omnia,
522 511 604 573 quarn
618 500 695 571 apta,
711 509 794 571 quarn
807 508 960 571 expressa.
982 491 1028 553 Ad
1037 492 1104 554 huno

107 589 221 659 gustum
235 587 324 639 totum
339 577 441 640 librum
456 579 640 657 repromitto,
663 593 748 655 quem
763 575 825 653 tibi,
841 584 872 635 ut
885 578 1010 654 primum
1021 576 1103 657 pultli·

108 665 226 741 caverit,
242 663 397 724 exhibebo.
419 658 534 723 Interim
548 679 608 721 ama
623 662 755 720 invenem
770 668 800 721 ct
813 661 995 739 temporibus
1009 663 1122 724 nostriso
1176 681 1177 711 1

106 746 248 826 gratulare
266 766 319 828 pro
342 749 458 825 ingenio
478 744 545 823 tali,
566 743 642 824 quod
663 742 713 804 ille
731 743 857 805 moribus
879 743 1008 805 adornat.
1038 744 1105 805 Viuit

108 850 172 892 curn
187 833 335 910 Spurinna,
351 833 420 891 vivit
436 848 499 889 curn
512 829 669 906 Antonino,
685 843 805 907 quorum
819 828 902 889 alteri
918 827 1031 908 adfinis,
1047 830 1105 889 utri·

74 925 91 979 6
108 935 164 998 que
183 914 394 977 contubernalis
410 923 464 973 est.
487 911 584 975 Possis
599 931 638 974 ex
648 912 704 972 hoc
716 911 813 973 iacere
825 913 1023 974 coniecturam
1033 931 1105 994 quan

106 1004 143 1063 sit
159 999 324 1060 emendatus
339 997 511 1057 adulescens
526 999 573 1077 qui
588 1015 604 1058 a
617 997 793 1075 gravissimis
807 998 927 1058 senibus
941 999 987 1058 sic
1000 1006 1104 1059 ametur.

105 1083 158 1145 list
173 1083 247 1142 enim
262 1081 331 1141 illud
345 1081 523 1141 verissimum
1111 1092 1135 1144 lt
1174 1088 1177 1136 l

618 1155 796 1243 γινώσκων
811 1154 863 1224 ὅτι

104 1333 130 1392 v
147 1333 156 1392 l
259 1240 412 1321 τοιοῦτός
423 1243 525 1328 ἐστιν,
539 1235 652 1328 οἷςπερ
664 1238 778 1328 ἥδεται
791 1242 919 1308 συνών.

130 1351 146 1394 a
159 1353 186 1394 e.

541 1464 671 1526 xxvtll.
1112 1501 1136 1556 15

338 1565 365 1619 Ο,
385 1562 510 1614 PLINIUS
527 1563 614 1614 VIBIO
632 1560 758 1613 SEVERO
778 1559 837 1614 SUO
858 1560 887 1617 S.

82 1683 98 1733 1
170 1665 329 1726 Herennius
344 1664 487 1743 Severus,
502 1665 547 1723 vir
561 1663 758 1743 doctissimus,
779 1665 874 1743 magni
884 1668 1019 1728 aestimat
1032 1669 1061 1729 in
1072 1668 1106 1728 bi·

107 1749 253 1810 bliotheeu
274 1765 325 1809 sua
344 1764 454 1826 ponere
478 1749 616 1825 imagines
638 1749 811 1829 municipum
830 1758 964 1830 tuorum,
990 1749 1107 1813 Cornelii

106 1831 229 1911 Nepotis
251 1841 281 1892 et
295 1829 350 1891 'liti
365 1827 438 1910 dati,
453 1833 599 1911 petitque,
621 1835 646 1893 si
663 1841 728 1895 sunt
744 1835 825 1912 istic,
846 1843 877 1893 ut
892 1853 962 1896 esse
979 1835 1107 1898 credibile

81 1926 169 1993 test,
192 1915 396 1977 exscribendas
417 1916 632 1996 pingendasque
653 1916 798 1995 delegem.
835 1917 926 1990 Quam
949 1937 1046 1982 curam
1064 1919 1139 1980 tilia

107 2002 283 2080 potissimum
298 2001 432 2081 irriungo,
449 2003 584 2080 primum,
606 2002 672 2080 quia
687 2001 837 2064 desideri‘m
852 2003 926 2063 meis
942 2005 1108 2067 amicissime

107 2087 304 2166 obsequeris,·
319 2085 440 2163 deinde,
467 2087 531 2164 quia
553 2085 606 2146 tibi
631 2085 786 2146 studiorum
807 2104 915 2148 summa
940 2091 1106 2165 reverentia,

108 2189 231 2232 summus
247 2189 326 2231 arnor
344 2169 547 2249 studiosorum,
563 2177 721 2248 postremo,
738 2170 816 2248 quod
831 2172 952 2251 patriam
966 2182 1044 2234 tuam
1057 2190 1107 2234 orn·

81 2263 216 2333 incoque
232 2257 280 2331 qui
295 2272 398 2314 nomen
413 2255 476 2313 eins
492 2263 629 2314 auxerunt
643 2263 674 2316 ut
688 2256 806 2334 patriam
819 2257 911 2335 ipsam
921 2259 1070 2319 veneraris
1083 2265 1108 2316 et

107 2336 211 2414 diligis.
234 2336 304 2398 Peto
315 2347 409 2397 eutem
423 2346 453 2397 ut
464 2340 605 2417 pictorem
617 2356 700 2416 quam
711 2338 960 2416 diligentissimum
971 2341 1139 2404 adsumenti

105 2418 177 2479 Nam
192 2436 255 2481 cum
265 2431 311 2481 est
322 2421 437 2482 arduum
448 2422 658 2484 similitudinem
670 2423 810 2500 elingere
826 2441 864 2483 ex
877 2441 963 2503 vero,
979 2435 1040 2487 tum
1052 2424 1108 2485 lon·

106 2522 144 2581 ge
161 2503 325 2565 difficillima
345 2515 390 2566 est
410 2508 572 2568 imitationis
586 2508 718 2577 imitatio;
740 2525 826 2587 aqua
839 2524 913 2585 rogo
927 2518 960 2569 ut
976 2510 1109 2572 artificem

106 2605 191 2667 quem
206 2587 332 2666 elegeris
346 2609 383 2650 ne
398 2593 427 2650 in
441 2591 542 2652 melius
557 2590 670 2670 quidem
684 2593 760 2654 sinas
774 2592 919 2653 sternte.
951 2591 1036 2654 Vale.

534 2723 680 2786 xvall.

322 2824 349 2875 c.
368 2824 493 2876 PLINIUS
509 2823 655 2876 nonesto
674 2823 773 2875 effluo
793 2822 853 2875 suo
870 2821 896 2878 a.

80 2938 96 2990 l
168 2927 239 2988 llcia
253 2937 301 3007 tu,
328 2947 391 2989 cum
405 2931 535 3008 proxime
550 2947 598 2989 res
610 2937 740 3006 agentur,
759 2945 875 3007 quoquo
890 2928 1029 2989 modoad
1044 2927 1109 2988 iudi·

105 3010 224 3071 candum
238 3014 314 3072 veni.
333 3012 409 3072 Nihil
424 3023 470 3074 est
483 3013 560 3092 qnod
573 3015 603 3071 in
617 3012 744 3072 dextram
756 3029 853 3073 aurem
864 3011 968 3074 fiducia
981 3015 1039 3073 mei
1050 3013 1109 3073 dor·

82 3097 191 3156 anias:
206 3113 263 3155 non
273 3097 379 3174 inpune
392 3106 530 3157 cessatur.
550 3094 642 3172 Ecce,
657 3094 781 3157 Licinius
792 3095 905 3175 Nepos,
916 3106 1036 3176 praetor
1046 3113 1111 3157 acer

107 3188 136 3239 et
152 3179 245 3258 tonis,
261 3179 375 3241 multam
390 3179 458 3241 dixit
474 3183 558 3240 etiam
571 3182 705 3241 senatori.
737 3179 805 3258 llgit
817 3179 868 3240 ille
882 3181 911 3240 in
929 3191 1031 3242 senatu
1047 3186 1141 3241 cau-3⁵

106 3281 166 3323 sant
181 3281 270 3339 suam,
287 3266 347 3342 egit
362 3273 457 3324 eutem
471 3266 514 3324 sic
529 3274 559 3325 ut
574 3263 786 3344 deprecaretur.
809 3263 941 3325 Remissa
956 3274 1002 3327 est
1013 3262 1107 3340 multa,

78 3346 157 3407 ssed
170 3348 272 3424 timuit,
288 3347 341 3407 sed
356 3350 478 3426 rogavit,
498 3347 551 3409 sod
566 3366 639 3427 opus
649 3350 732 3408 venia
743 3348 806 3408 init.
826 3347 917 3408 Dices
929 3353 1000 3409 ‘non
1012 3365 1107 3409 omnes

104 3438 253 3509 praetores
269 3439 324 3492 tam
342 3433 460 3491 severi?
486 3431 615 3493 Falleris.
641 3429 712 3490 Nam
728 3430 776 3492 vel
796 3433 945 3492 instituere
961 3430 1010 3492 vel
1028 3431 1107 3491 redu·

62 3510 131 3608 ἱ

1113 2773 1141 2829 dl
