2400 3848
368 109 632 205 srrsuunnunn
652 109 703 170 nr.
728 119 769 173 o.

506 261 626 329 xvllll.

280 381 307 435 e.
325 380 452 434 sumtus
472 377 621 431 onuvrsro
640 378 724 430 aoso
743 376 803 429 suo
822 377 840 429 s

104 521 233 583 Adsumo
255 529 284 580 te
304 522 339 580 in
354 518 501 580 eonsilium
521 520 564 579 rei
583 518 744 597 familiaris,
770 529 800 580 ut
820 519 912 580 soleo.
951 516 1090 583 Praedial

31 609 140 685 tongris
161 606 232 665 ineis
254 606 346 665 vieina
363 613 449 682 atque
469 604 554 664 etiarn
568 604 675 665 inserta
688 602 799 663 venalia
813 613 886 665 sunt.
915 603 947 665 ln
961 604 1005 666 bis
1019 618 1065 662 me

59 691 152 751 multa-
170 688 338 765 sollicitant,
360 687 458 766 aliqua·
473 705 529 748 nee
546 689 655 749 minora
669 684 822 747 deterrent.
854 686 995 749 Sollicitat
1009 689 1091 767 pri-t

59 794 137 834 mum
150 776 213 854 ipsa
228 771 407 853 pulchritudo
427 772 577 850 iungendi,
600 771 702 832 deinde
723 770 800 851 quod
820 786 877 833 non
891 773 981 834 minus
996 772 1065 834 utile

61 876 146 938 quarn
160 857 361 938 voluptuosum
375 873 463 937 posse
480 866 598 936 utraque
614 855 712 917 eadem
729 872 827 936 opera,
844 855 947 918 eodem
962 858 1065 919 viatioo

60 945 197 1019 inrisere,
213 942 265 1002 sub
281 941 383 1002 eodem
398 949 584 1021 procuratore
599 959 634 1003 ae
647 958 739 1020 paene
753 939 844 1002 isdem
857 941 1002 1002 autoribus
1018 942 1065 1001 ba·

16 1027 143 1104 lohere,
159 1043 241 1086 unam
253 1024 349 1085 uillam
371 1024 469 1086 eolere
485 1035 515 1086 et
529 1042 646 1101 ornare,
668 1023 786 1085 alteram
798 1034 904 1087 tantum
917 1027 998 1086 tueri.
1021 1024 1091 1085 ln·3

61 1120 107 1172 est
121 1111 187 1170 huie
209 1111 411 1188 computationi
431 1119 564 1189 sumptus
580 1107 789 1187 supellectilis,
811 1118 940 1189 sumptus
962 1110 1064 1170 atrien-

59 1196 144 1273 sium,
159 1197 353 1272 topiariorum,
369 1193 514 1254 fabrorum
528 1203 613 1271 atque
627 1193 710 1252 etiarn
724 1195 862 1255 venatorii
873 1194 1064 1264 instrumenti;

61 1296 136 1358 quae
150 1277 301 1358 plurimum
320 1275 410 1338 refert
430 1295 515 1337 unum
534 1275 675 1337 inlocum
696 1275 828 1337 conferas
849 1294 884 1336 an
904 1279 932 1337 in
953 1278 1064 1337 diversa

61 1363 223 1440 dispergas.
253 1359 359 1421 Contra
377 1377 482 1421 vereor
503 1377 539 1420 ne
561 1360 598 1420 sit
617 1360 759 1418 incautum
779 1377 840 1420 rern
859 1369 915 1420 tam
936 1369 1091 1437 magnaml

20 1452 52 1504 15
60 1446 153 1507 isdem
173 1444 408 1524 tempestatibus,
432 1443 524 1504 isdem
545 1442 659 1507 ossibus
681 1441 820 1504 subdere:
846 1445 932 1506 tutius
953 1443 1067 1504 videtur

59 1533 170 1590 ineerta
195 1528 326 1588 fortunae
350 1529 566 1607 possessionum
590 1528 773 1588 varietatibus
797 1528 929 1607 experiri.
973 1526 1065 1588 Habet

60 1615 144 1674 etiam
158 1611 275 1672 multum
289 1611 467 1673 iucunditatis
482 1610 537 1672 soli
551 1611 682 1690 oaelique
695 1613 809 1671 mutatio
820 1613 941 1692 ipsaque
952 1611 1001 1673 illa
1012 1630 1063 1691 pe-

58 1698 213 1776 regrinatio
233 1698 307 1756 inter
328 1715 387 1758 sua.
420 1696 495 1774 lam,
522 1695 598 1775 quod
620 1694 833 1759 deliberationis
846 1706 961 1758 nostrae
978 1706 1089 1776 oaputb

60 1792 121 1858 est,
151 1783 212 1858 agri
234 1790 299 1841 sunt
319 1780 430 1841 fertiles
451 1782 574 1860 pingues
595 1783 711 1859 aquosi,
741 1789 871 1841 onustant
892 1783 999 1861 eampis
1021 1783 1063 1840 vi·

17 1867 122 1928 loreis
138 1865 235 1942 silvis,
258 1882 332 1944 quae
345 1866 488 1925 materiam
504 1873 533 1924 et
547 1882 585 1925 ex
599 1883 634 1925 ea
649 1864 770 1925 reditum
784 1866 859 1926 siout
873 1863 1014 1925 modinum
1025 1867 1064 1925 ita

59 1958 161 2011 statum
184 1956 337 2027 praestant.
369 1947 429 2009 Sed
448 1948 520 2008 baso
542 1945 665 2008 lelioitas
681 1956 774 2007 terrae
789 1947 932 2008 inbecillis
949 1948 1090 2010 cultori-6

59 2035 114 2094 bus
135 2032 278 2110 fatigatur.
304 2030 375 2090 Nam
395 2045 552 2111 possessor
566 2032 644 2109 prior
659 2031 776 2108 saepius
790 2030 917 2091 vendidit
931 2033 1061 2109 pignora,

59 2128 89 2179 et
103 2115 169 2176 dnrn
180 2115 292 2195 reliqua
307 2114 472 2175 colonorum
484 2116 581 2175 minuit
596 2115 632 2176 ad
646 2122 769 2192 ternpus,
785 2116 862 2176 vires
874 2117 903 2175 in
916 2124 1063 2194 posterum

60 2202 206 2275 exhausit,
230 2217 346 2278 quarum
367 2198 530 2259 deiectione
549 2217 647 2260 rursus
668 2197 778 2277 reliqua
798 2208 958 2260 creverunt.
994 2198 1089 2260 Suntl

16 2288 131 2365 iserge
153 2282 308 2345 instruendi
323 2300 360 2343 eo
380 2282 470 2362 pluris
484 2283 560 2363 quod
582 2283 657 2360 iurgi
670 2284 833 2362 mancipiis:
854 2301 918 2345 narn
928 2302 983 2345 nee
997 2285 1062 2364 ipss

58 2387 176 2450 usquam
184 2370 299 2430 vinctos
308 2367 399 2430 habeo
408 2386 463 2428 nee
472 2369 511 2428 ibi
520 2369 676 2447 quisquam.
688 2367 828 2447 Superest
839 2377 870 2430 ut
880 2371 956 2430 solas
968 2370 1063 2447 quami

57 2454 208 2514 rideantur
222 2469 311 2532 posse
327 2454 397 2523 erni;
411 2455 544 2514 sestertio
558 2455 674 2529 trieies,
689 2469 746 2511 non
761 2454 827 2532 quia
841 2469 898 2512 non
911 2452 1061 2531 aliquando

59 2539 246 2618 quinquagies
260 2535 373 2612 luerint,
390 2554 488 2596 verum
503 2545 533 2596 et
547 2536 600 2598 buo
616 2537 750 2616 paenuria
766 2535 933 2597 colonorum
944 2546 974 2596 et
985 2553 1063 2614 eorn-¹

58 2623 134 2684 muni
151 2622 288 2701 temporis
309 2622 455 2698 iniquitate
470 2631 500 2682 ut
515 2619 622 2683 reditus
641 2639 772 2699 agrorum
786 2622 829 2681 sio
842 2622 926 2682 etiarn
940 2620 1062 2697 pretium

16 2710 137 2767 wretro
152 2707 228 2765 abiit.
262 2703 382 2778 Quaeris
399 2723 433 2764 an
449 2705 504 2766 hoo
519 2707 611 2784 ipsum
625 2707 722 2766 trioies
738 2703 824 2765 faoile
840 2703 978 2779 colligere
994 2708 1087 2781 pos-8

59 2786 169 2852 simus?
188 2807 251 2849 sum
266 2788 378 2866 quidem
393 2806 485 2868 prope
500 2797 576 2850 totus
591 2792 620 2848 in
634 2787 775 2866 praediis,
792 2785 896 2864 aliquid
910 2794 1003 2845 tamen
1019 2784 1033 2843 l
1049 2817 1060 2828 -

59 2891 141 2952 nero,
157 2891 213 2934 neo
228 2872 379 2933 molestum
395 2875 449 2933 erit
462 2874 595 2941 rnutuari;
612 2873 887 2950 accipienserem,
904 2871 984 2929 ouius
996 2887 1062 2930 area

58 2974 115 3019 non
130 2975 216 3020 seeus
232 2974 267 3017 ae
282 2974 344 3017 mea
358 2967 432 3018 utor.
458 2954 579 3018 Proinde
594 2956 650 3016 boo
665 2966 695 3016 te
711 2970 768 3014 non
781 2963 905 3030 moveat,
923 2955 948 3016 si
964 2961 1089 3016 eetera9

58 3059 115 3102 non
135 3042 331 3119 refragantur,
359 3059 432 3120 quae
456 3040 543 3101 veliin
565 3058 647 3120 quarn
671 3037 886 3115 diligentissime
907 3039 1060 3100 erasures.

15 3125 131 3190 bollum
155 3143 219 3186 eum
236 3127 264 3184 in
286 3124 415 3186 omnibus
439 3125 526 3185 rebus
544 3134 603 3185 tnnr
623 3127 651 3184 in
674 3120 857 3200 disponendis
880 3121 1061 3184 laeultatibus

57 3211 206 3293 plurimum
222 3209 272 3271 tibi
289 3217 318 3268 et
332 3228 399 3271 usus
414 3219 444 3270 et
459 3207 655 3288 providentiae
669 3214 809 3285 superest.
840 3205 922 3268 Vale.
