2400 3840
410 203 768 270 inmunitatibus.
1055 207 1096 271 93

92 358 292 436 (nequeenim
305 355 390 419 facile
403 374 522 436 usquam
537 375 651 433 saxum,
673 359 756 419 eoam
772 359 798 420 si
814 368 979 437 quaeratur,
995 377 1096 420 occur-

91 441 140 519 rit)
157 439 329 520 planissimis
346 442 453 519 campis
472 439 618 503 fertilitate
637 458 693 501 non
710 440 814 503 cedunt
828 444 1007 521 opimamque
1021 462 1096 506 mea-

92 543 155 589 sem
170 525 265 587 serius
281 532 386 584 tautum
401 522 454 585 sed
470 541 528 585 non
543 526 635 585 minus
648 535 836 603 percoquunt
859 526 918 587 S'ub
932 526 976 588 his
990 546 1045 606 per
1057 527 1123 595 lan

90 619 139 671 tus
158 624 244 668 omne
264 609 365 670 vinem
385 608 567 686 porriguntur
586 625 724 686 unamque
746 607 849 670 faciem
873 608 960 687 longe
980 611 1096 691 lateque

68 700 265 761 tcontexunt3
287 709 403 770 quarum
424 709 441 752 a
463 692 518 753 tine
534 692 650 770 imoque
669 693 749 770 quasi
768 694 894 769 margine
914 689 1029 755 arbusta
1048 714 1095 756 na-

91 784 220 840 scuntur.
252 774 333 837 Prata
346 774 412 837 inde
425 776 589 855 campique:
611 777 719 853 campi,
735 793 808 854 quos
823 793 879 836 non
893 778 947 837 nisi
961 779 1094 856 ingentes
1105 792 1139 844 lo

91 860 185 923 boves
200 868 231 919 et
248 858 400 924 fortissima
414 869 505 919 aratra
517 858 704 936 perfringunt.
737 857 834 919 Tantis
850 859 962 937 glaebis
974 864 1096 923 tenacis·

91 945 193 1005 simum
207 942 320 1020 solum,
341 959 405 1003 cum
423 943 542 1019 primurn
558 951 743 1020 prosecatur,
765 942 891 1021 adsurgit
911 954 941 1004 ut
955 962 1031 1005 nono
1045 944 1095 1005 de·

91 1044 167 1087 mum
178 1025 262 1087 sulco
272 1025 465 1105 perdometur.
484 1024 564 1086 Prata
576 1025 675 1087 florida
684 1035 715 1086 et
725 1043 856 1103 gemam
867 1026 1001 1088 trifolium
1012 1027 1094 1090 alias·
1104 1041 1137 1093 11

51 1116 150 1189 loque
166 1109 272 1171 herbas
292 1119 406 1171 teneras
428 1127 544 1188 semper
564 1119 593 1170 et
613 1108 716 1171 molles
737 1121 767 1171 et
790 1112 870 1189 quasi
894 1128 982 1173 noras
1008 1111 1094 1174 alunt.

92 1191 203 1255 Cuncta
218 1195 292 1255 enim
307 1193 481 1272 perennibus
496 1195 566 1254 rivis
579 1195 751 1255 nutriuntur:
773 1196 826 1255 sed
840 1195 993 1274 abisquae
1008 1194 1095 1274 pluri·

90 1295 177 1355 mum,
193 1277 277 1357 palus
287 1276 374 1354 nulla,
390 1279 454 1355 quia
468 1277 577 1337 devexa
592 1286 684 1354 terra,
700 1276 835 1355 quidquid
849 1277 967 1357 liquoris
981 1282 1095 1359 accepit

91 1378 147 1421 nec
170 1361 335 1438 absorbuit,
354 1360 472 1421 effundit
489 1361 517 1419 in
539 1359 671 1421 Tiberim.
704 1358 815 1423 metros
831 1360 881 1421 ille
899 1380 984 1439 agros
1003 1373 1137 1441 secat,12

91 1446 204 1505 muium
214 1447 336 1524 patiens,
349 1445 497 1521 omnisque
508 1443 607 1520 fruges
620 1442 734 1505 devehit
745 1445 773 1504 in
784 1444 895 1521 urben,
912 1445 1005 1505 hieme
1018 1445 1095 1505 durn-

50 1537 83 1590 15
91 1535 168 1589 taxat
182 1538 213 1589 et
227 1546 312 1597 vere;
327 1537 436 1589 aestate
456 1529 644 1604 summittitur,
660 1528 844 1606 immensique
858 1527 979 1589 fluminis
992 1546 1094 1589 nomen

90 1613 182 1673 menti
198 1611 281 1673 alveo
302 1611 425 1688 deserit,
448 1620 580 1671 autumno
600 1612 726 1673 resumit.
758 1609 887 1689 Magnam
904 1614 1000 1689 capies
1014 1611 1137 1677 volu-13

91 1703 216 1772 mutem,
238 1697 263 1757 si
279 1694 354 1756 bunc
370 1695 497 1772 regionis
513 1696 597 1755 situm
612 1713 650 1757 ex
662 1704 759 1757 monte
774 1698 971 1774 prospexeris.
991 1693 1094 1775 Neque

92 1779 168 1840 enim
186 1788 277 1839 terras
299 1780 349 1839 tibi
364 1779 417 1841 sed
433 1778 550 1839 formam
571 1779 692 1857 aliquam
711 1779 746 1840 ad
767 1780 896 1841 eximiam
909 1779 1094 1858 pulchritudi-

91 1880 157 1923 nem
173 1864 279 1940 piotam
293 1863 437 1925 videberis
456 1881 589 1925 cernere:
611 1880 646 1924 oa
665 1863 820 1940 vadetate,
841 1880 875 1923 ea
889 1863 1093 1942 descriptione,

51 1949 273 2026 bbqnocumque
290 1946 439 2009 inciderint
453 1946 540 2024 oculi,
555 1947 727 2006 reficientur.
748 1945 822 2006 Villa
835 1947 864 2007 in
879 1945 955 2006 colle
970 1948 1027 2007 imo
1041 1949 1095 2008 sita
1104 1958 1138 2011 14

91 2031 233 2110 prospicit
254 2032 333 2108 quasi
348 2049 386 2091 ex
399 2047 522 2091 summo:
548 2031 584 2089 ita
605 2028 707 2091 leniter
721 2038 750 2090 et
765 2032 872 2090 sensim
887 2029 964 2090 cliro
977 2029 1095 2091 fallente

93 2116 240 2192 consurgit
253 2122 301 2191 ut,
322 2132 386 2174 oum
401 2113 559 2174 ascendere
570 2121 600 2173 te
610 2129 667 2173 non
682 2122 784 2191 putes,
802 2114 908 2174 sentias
918 2112 1095 2173 ascendisse.

92 2197 217 2275 Atergo
231 2198 448 2278 Appenninum,
462 2196 515 2257 sed
537 2195 652 2273 longius
671 2195 772 2257 babet:
795 2196 901 2273 accipit
920 2195 956 2255 ab
977 2196 1034 2255 boc
1047 2213 1095 2255 au·

90 2299 139 2343 ras
153 2281 307 2360 quamlibet
322 2298 428 2343 sereno
442 2290 472 2341 et
481 2278 596 2359 placido
608 2280 665 2357 die,
677 2297 734 2342 non
746 2288 840 2341 tamen
854 2297 937 2340 acres
954 2288 983 2340 et
997 2281 1094 2338 immo

50 2365 184 2442 abdicas,
200 2365 254 2427 sed
267 2368 359 2445 spatio
374 2366 438 2443 ipso
452 2363 544 2427 lassas
559 2373 588 2424 et
599 2363 743 2426 infractae.
768 2361 871 2441 blegne
884 2365 929 2424 sui
942 2372 1021 2441 parte
1034 2380 1093 2423 me·
1103 2371 1136 2425 15

91 2448 194 2511 ridiem
215 2458 326 2528 spectat
347 2450 542 2527 aestivumque
563 2446 655 2511 solem
675 2448 711 2508 ab
731 2447 803 2509 laeua
821 2456 919 2525 sexta,
947 2447 1095 2507 hibernum

90 2531 235 2611 aliquanto
249 2534 394 2610 maturius,
410 2533 489 2610 quasi
503 2532 600 2592 invitat
613 2533 641 2591 in
655 2533 796 2609 porticvm
810 2529 893 2592 latam
906 2540 935 2591 et
946 2548 1000 2609 pro
1011 2529 1094 2590 modo

91 2615 216 2694 longam.
237 2615 326 2679 blulta
339 2618 367 2676 in
383 2616 437 2677 bac
453 2616 588 2694 membra,
602 2617 702 2677 atrium
717 2617 848 2677 etiamen
862 2631 941 2675 more
955 2623 1093 2675 veterum

90 2700 168 2763 Ante
183 2701 324 2779 porticam
338 2709 439 2774 xpstus
453 2701 483 2763 iu
502 2699 635 2776 plurimas
651 2700 766 2778 species
785 2698 933 2759 distinctus
948 2699 1137 2758 concisus-16

49 2798 150 2863 ,toque
171 2784 263 2854 burm
287 2784 427 2847 demissus
442 2783 507 2845 inde
527 2800 691 2863 pronusque
712 2780 860 2860 pulvinus,
883 2782 928 2841 cui
942 2780 1095 2840 bestiarum

92 2867 210 2945 efligies
229 2869 352 2930 invicem
373 2866 507 2929 adversas
521 2867 612 2929 bimus
635 2867 794 2943 inscripsit:
818 2862 955 2925 acanthus
966 2864 996 2922 in
1010 2860 1094 2941 plano

92 2951 189 3014 mollis
205 2960 235 3012 et
246 2969 337 3031 paene
355 2950 472 3012 dixerim
486 2949 619 3028 liquidus.
649 2948 745 3011 Ambit
759 2948 834 3009 himo
847 2945 998 3006 ambulatio
1013 2964 1094 3025 pres·
1104 2951 1135 3008 17

92 3037 134 3100 sis
150 3038 287 3115 varieque
300 3036 390 3097 tonsis
406 3033 542 3096 viridibus
556 3032 681 3095 inclusa:
694 3031 729 3092 eb
744 3031 788 3093 bis
801 3031 926 3108 gestatio
940 3032 968 3091 in
983 3030 1096 3090 modurn

94 3119 184 3196 circi,
209 3137 283 3196 quae
303 3120 406 3181 buxum
420 3117 619 3180 multiformem
635 3114 814 3193 humilesque
829 3122 859 3175 et
871 3124 998 3176 retentas
1013 3131 1095 3174 manu

48 3201 261 3288 ‚ioarbusculas
277 3204 414 3263 circumit.
447 3201 545 3263 Omnia
557 3203 680 3263 maceria
692 3200 865 3260 muniuntur:
892 3198 965 3260 bano
981 3196 1097 3275 gradata

91 3287 186 3349 buxus
202 3287 295 3366 operit
310 3295 339 3347 et
354 3285 500 3349 subtrahit.
520 3285 632 3348 Pratum
647 3284 713 3346 inde
727 3300 784 3344 non
797 3284 886 3344 minus
901 3293 998 3344 natura
1013 3296 1094 3359 quam
1105 3286 1139 3340 18

92 3371 244 3448 superiora
263 3368 312 3430 illa
331 3379 392 3430 arte
409 3368 570 3433 visendum:
598 3370 689 3447 campi
715 3366 817 3430 deiude
841 3384 928 3446 porro
952 3363 1095 3442 multaque

93 3453 149 3514 alia
168 3463 249 3533 prata
273 3462 302 3514 et
323 3453 444 3514 arbusta.
474 3453 500 3517 A
522 3454 615 3532 capite
634 3453 762 3531 porticus
778 3452 934 3514 triclinium
956 3449 1139 3510 excurrimli
