2400 3840
111 162 173 226 292

113 313 188 375 enlm
202 311 312 390 imitari,
327 321 356 372 te
371 311 508 390 subsequi
522 309 646 371 student.
666 309 735 369 ldso
747 318 866 390 unaque
874 324 972 368 mores
986 307 1118 387 eosdem,
1199 323 1200 327 ’

113 398 177 478 quia
191 403 309 473 utraque
322 405 387 458 tuos
402 395 497 456 babet.
518 393 587 454 lnde
602 393 775 470 moderatio,
796 394 862 454 inde
878 393 963 453 etiarn
977 401 1119 470 perpetua
1179 440 1183 465 ÷
1199 418 1200 424 ¹

112 480 259 542 securitas.
287 478 391 559 Neque
413 480 487 539 enim
507 495 637 556 umquam
657 476 891 557 periclitabuntur
910 477 1118 554 esse‘priratae
1177 498 1185 547 ·.

113 581 186 644 quae
199 579 256 623 non
270 563 425 625 desierunt.
448 559 597 622 obtulerat
606 561 664 623 illis
675 570 790 622 senatus
803 576 965 640 cognomen
975 559 1117 637 Augusta·

112 666 190 723 rum,
211 647 289 726 quod
304 649 432 708 certatim
447 645 618 724 deprecatae
633 653 716 722 sunt,
737 663 821 724 quam
835 646 883 706 diu
896 641 1138 722 appellationens

113 733 202 811 patris
217 732 326 809 patriae
341 741 371 793 tu
386 746 572 808 recusasses,
593 748 644 790 seu
662 728 738 808 quod
752 726 817 807 plus
834 747 902 791 esse
916 729 944 786 in
959 745 996 787 eo
1013 727 1117 787 iudica·

113 816 198 892 bant,
222 816 247 876 ai
262 815 342 876 uxor'
352 825 382 876 ot
397 828 479 875 soror
493 823 541 874 tua
558 815 679 893 quamsi
694 812 840 891 Augustae
855 812 1028 873 dicerentur.
1062 809 1118 871 Sed

114 914 311 979 quascumque
326 897 381 959 illis
396 899 466 957 ratio
480 905 583 958 tantam
596 896 763 957 modestiam
778 898 884 975 suasit,
899 894 958 955 boc
972 895 1064 972 magis
1079 893 1117 954 di·

113 1000 188 1059 gnae
202 991 268 1044 sunt
282 1001 355 1060 quac
368 982 506 1041 inanimis
522 983 627 1041 nostris
643 989 673 1041 et
687 981 741 1040 sint
755 988 784 1040 et
799 980 954 1040 habeantur
969 986 1117 1056 augustae,
1193 978 1196 983 '

114 1068 178 1143 quia
193 1081 249 1124 non
263 1074 409 1124 vocantur.
438 1062 511 1136 Quid
533 1064 607 1124 enirn
619 1062 788 1125 laudabilius
802 1063 914 1124 feminis
930 1064 1054 1140 quamsi
1069 1080 1117 1121 ve·
1126 1071 1154 1122 lu

113 1165 175 1206 rum
189 1147 327 1209 bonorem
340 1163 397 1207 non
410 1146 439 1205 in
458 1145 614 1225 splendore
628 1147 774 1208 titulorum
787 1145 839 1208 sed
858 1148 887 1207 in
901 1145 1014 1205 iudiciis
1029 1145 1118 1206 bomi-

113 1249 179 1290 num
192 1241 348 1374 reppnant,
364 1230 532 1309 magnisque
543 1231 705 1292 nominibus
719 1248 804 1310 pares
818 1249 851 1292 se
865 1230 987 1307 faciant,
1009 1238 1039 1290 et
1056 1228 1118 1289 dum

113 1323 248 1375 recusant
958 1322 960 1326 ‘

63 1406 105 1470 85
178 1399 237 1460 lam
251 1400 334 1459 etiam
350 1400 379 1458 in
399 1399 569 1477 privatorum
584 1399 682 1459 anirrds
697 1398 865 1460 exoleverat
877 1399 1001 1477 priscum
1015 1407 1119 1457 morta·

116 1480 183 1542 lium
200 1484 322 1562 honum,
341 1484 479 1560 amicitia,
496 1486 576 1544 cuius
591 1481 729 1543 inlocum
743 1485 932 1560 migraverant
944 1480 1157 1543 adsentatio-15

114 1584 184 1644 nes,
199 1565 369 1644 blanditiae,
385 1576 414 1627 et
426 1568 508 1646 peior
517 1566 581 1627 odio
596 1567 699 1627 amoris
712 1565 860 1627 simulatio.
880 1565 992 1626 Etenim
1002 1564 1031 1624 in
1043 1564 1118 1642 prin-

115 1652 209 1728 cipum
221 1648 304 1710 domo
315 1667 418 1710 nomen
429 1659 534 1711 tantum
546 1650 699 1728 amicitiae,
714 1651 798 1711 inane
810 1646 922 1710 scilicet
932 1649 1116 1726 inuisumque,

114 1733 287 1793 remanebat.
317 1731 389 1792 llam
411 1752 483 1812 qnae
507 1742 621 1812 poterat
640 1752 707 1794 csse
726 1735 801 1794 inter
816 1750 867 1793 eos
888 1733 1025 1808 amicitia,
1048 1749 1117 1809 quo·

114 1832 175 1875 rum
190 1816 244 1876 sibi
258 1815 305 1876 alii
320 1815 439 1892 domiui,
457 1816 504 1878 alii
518 1819 595 1878 serni
611 1812 800 1877 ridebantur?
822 1815 864 1876 Tu
878 1816 949 1877 hanc
965 1813 1075 1895 pulsam
1087 1823 1116 1873 et

116 1908 255 1961 errantem
269 1899 421 1973 reduxisti:
435 1899 524 1963 babes
539 1903 664 1979 amicos,
680 1901 744 1980 quia
754 1900 861 1961 amicus
873 1901 937 1979 ipsc
952 1917 993 1959 es.
1012 1896 1159 1977 Nequebo

116 1987 190 2045 enim
204 1993 234 2044 ut
252 1983 305 2045 alia
319 1986 458 2047 subiectis
473 1986 512 2045 ita
526 2003 605 2046 amor
618 1986 787 2064 imperatur,
813 2003 909 2063 neque
922 1978 967 2045 cst
980 1981 1056 2042 ullus
1070 1980 1118 2041 ad-

114 2067 208 2129 fectus
223 2077 278 2128 tam
295 2079 409 2129 erectus
424 2077 454 2129 et
467 2067 541 2129 liber
560 2078 589 2129 et
611 2068 806 2129 dominationis
821 2069 980 2147 inpatiens,
1000 2084 1056 2127 nec
1071 2067 1119 2144 qui

114 2153 204 2228 magis
216 2153 297 2213 vices
313 2153 417 2231 exigat.
440 2150 539 2213 Potest
555 2154 677 2214 fortasse
689 2154 824 2231 princeps
836 2151 950 2230 inique,
966 2158 1064 2230 potest
1079 2158 1119 2209 ta·

113 2252 179 2294 men
195 2235 261 2295 odio
276 2254 343 2298 esse
358 2254 415 2297 non
430 2234 533 2314 nullis,
549 2237 659 2298 etiamsi
673 2238 739 2314 ipse
755 2253 812 2296 non
827 2235 932 2295 oderit:
948 2236 1051 2311 amari,
1067 2233 1120 2293 nisi

114 2319 178 2397 ipse
192 2329 284 2398 amet,
310 2338 367 2381 non
380 2329 487 2400 potest.
516 2320 621 2400 Diligis
637 2338 725 2399 ergo,
752 2336 816 2380 curu
831 2317 975 2395 diligaris,
995 2319 1067 2378 etin
1083 2323 1160 2379 eoae

114 2401 191 2479 quod
205 2404 344 2481 utrimque
355 2404 582 2465 honestissimum
597 2414 643 2466 est
656 2413 716 2464 tota
726 2401 817 2480 gloria
833 2412 880 2463 tua
895 2410 954 2471 est;
972 2402 1021 2479 qui
1036 2418 1120 2480 supc-

113 2485 173 2544 rior
192 2484 286 2543 factus
306 2484 458 2548 descendis
479 2489 508 2547 in
528 2491 619 2548 omnia
636 2486 829 2550 familiaritatis
851 2485 946 2546 officia
964 2494 994 2546 et
1012 2487 1041 2544 in
1055 2485 1119 2543 ami·

115 2583 179 2628 cum
194 2585 232 2628 ex
242 2568 413 2647 imperatore
428 2572 623 2639 summitterisz
637 2573 722 2632 immo
737 2568 806 2631 tunc
817 2570 938 2631 maxime
950 2571 1119 2647 imperator,

115 2670 179 2712 cum
193 2653 312 2713 amicum
326 2655 397 2731 agis.
425 2651 537 2714 Etenim
552 2673 616 2716 cum
632 2656 759 2734 plurimis
775 2655 904 2714 amicitiis
917 2653 1030 2713 fortuna
1044 2653 1120 2733 prin·

115 2739 210 2816 cipum
222 2737 366 2816 indigeat,
390 2739 574 2818 praecipuum
588 2750 634 2800 est
645 2735 782 2818 principis
797 2756 871 2817 opus
884 2738 994 2799 amicos
1008 2754 1118 2816 parare.
1128 2744 1162 2798 30

114 2818 229 2881 Placeat
246 2821 297 2881 tibi
313 2840 430 2902 semper
443 2822 516 2882 haec
531 2832 627 2901 secta,
644 2832 752 2883 etcum
766 2821 836 2883 alias
850 2824 971 2882 virtutes
985 2829 1049 2881 tuas
1063 2829 1121 2879 tum

114 2901 186 2962 banc
201 2906 430 2968 constantissime
446 2915 564 2984 teneas,
579 2925 634 2966 nec
649 2924 781 2985 umquam
796 2905 1003 2984 persuadeatur
1015 2903 1121 2964 humile

114 3003 182 3045 esse
197 2989 335 3067 principi,
356 2989 411 3050 nisi
427 2989 537 3052 odisse.
558 2989 799 3051 ’Iucundissimum
819 2998 866 3050 cst
879 2991 908 3050 in
922 2986 1013 3050 rebus
1025 2987 1122 3047 buma-

113 3069 156 3126 nis
172 3072 272 3148 amari,
298 3073 421 3134 sednon
439 3075 530 3134 minus
544 3091 647 3154 amare.
680 3072 806 3147 Quorum
822 3082 946 3152 utroque
960 3073 998 3133 ita
1017 3072 1122 3132 frueris

113 3160 160 3229 ut,
177 3154 319 3231 cumipse
334 3156 531 3218 ardentissime
552 3157 670 3237 diligas,
682 3158 775 3218 adbuc
789 3167 884 3218 tamen
898 3154 1043 3219 ardentius
1060 3153 1122 3215 dili·
1129 3162 1160 3216 31

113 3236 205 3311 garis:
232 3236 367 3316 primum,
390 3243 454 3320 qnia
469 3239 580 3302 facilius
602 3249 664 3318 est,
692 3260 777 3303 unum
792 3257 887 3302 nmero
902 3256 986 3320 quam
1000 3239 1121 3308 multum

114 3317 240 3399 deinde,
256 3322 321 3400 quia
335 3321 387 3383 tibi
402 3325 510 3386 amicos
525 3334 590 3385 tuos
606 3323 751 3407 obligandi
766 3324 848 3385 adest
862 3324 984 3387 facultas
999 3332 1076 3385 tanta
1090 3331 1122 3383 ut

62 3392 103 3457 86
111 3417 196 3461 nemo
210 3412 239 3463 te
252 3406 352 3486 possit
363 3406 418 3469 nisi
432 3410 559 3490 ingratus
569 3425 628 3471 non
639 3411 732 3488 magis
746 3426 849 3470 amare.
872 3409 1121 3487 operaepretium
