2400 3840
111 176 174 241 294
545 175 579 237 G.
596 173 693 236 PblNl

111 326 255 409 accipiat?
269 328 321 389 llic
333 346 483 408 praesens,
495 328 544 388 ille
556 328 661 389 mauult
672 328 777 388 absens
793 329 892 388 amari:
908 338 1035 408 uterque
1050 345 1124 387 ame·
1182 350 1188 395 7

111 424 157 474 tur
177 421 207 472 ut
221 412 340 483 mavult;
360 430 444 474 nemo
462 415 492 472 iu
506 412 629 474 taedium
648 412 827 491 praesentia,
848 430 932 473 nemo
950 414 978 472 in
1003 411 1123 472 oblivio·

110 515 176 557 nem
191 496 319 558 absemia
328 498 431 557 veniat.
456 494 547 557 Tenet
559 497 681 574 quisque
695 494 791 555 locum
802 513 886 573 quem
898 495 989 565 semel
1002 497 1121 563 meruit;

111 580 283 660 faciliusque
304 589 400 642 estut
420 578 512 639 oculis
529 581 591 640 eius
611 578 706 639 vultus
727 579 854 640 absentis
876 596 960 658 quam
982 589 1013 641 ut
1032 582 1122 641 auimo

113 667 215 726 caritas
230 663 352 725 excidat.
1128 673 1144 728 ⁵

60 747 102 814 88
176 747 308 827 Plerique
324 747 487 828 principes,
507 765 570 806 cum
583 755 681 807 essent
698 747 802 806 civium
817 747 936 825 domini,
954 747 1121 808 libertorum

113 841 193 894 erant
208 832 299 892 servi:
314 831 414 892 horum
428 829 573 908 consiliis,
588 830 687 892 borum
703 838 771 889 nutu
783 830 974 907 regebantur,
997 848 1053 909 per
1069 833 1119 891 bos

112 916 279 992 audiebant,
308 933 362 994 per
378 915 431 974 bos
452 913 655 992 loquebantur,
681 931 735 992 per
749 913 802 974 hos
817 923 965 992 praeturae
988 916 1075 975 etiam
1092 923 1121 974 et

113 999 273 1060 sacerdotia
289 1009 318 1058 et
333 997 514 1073 consulatus,
530 999 615 1058 immo
626 1007 655 1058 et
667 997 703 1056 ab
713 997 757 1058 bis
773 998 952 1076 petebantur.
975 995 1017 1057 Tu
1032 998 1119 1059 liber·

111 1083 149 1142 tis
159 1083 214 1142 tuis
227 1098 363 1142 summum
379 1080 492 1159 quidem
503 1079 657 1157 honorem,
673 1079 726 1141 sed
738 1090 877 1159 tamquam
888 1080 999 1141 libertis
1015 1082 1158 1160 habes,10

112 1163 282 1242 abundeque
297 1163 430 1224 sulficere
447 1164 481 1222 iis
499 1162 610 1242 eredis,
632 1166 657 1224 si
671 1165 753 1243 probi
768 1173 797 1224 et
812 1164 886 1242 frugi
907 1166 1116 1226 existimentur.

113 1248 177 1308 Seis
198 1249 272 1308 euim
294 1246 478 1327 praecipuum
494 1265 561 1307 esse
577 1247 709 1308 indicium
726 1265 783 1308 non
797 1249 890 1326 magni
904 1249 1045 1327 principis
1062 1267 1117 1308 rna·

113 1348 186 1409 gnos
200 1330 328 1391 libertos.
357 1331 403 1391 Ae
418 1332 538 1409 primum
553 1333 692 1391 neminem
714 1332 743 1391 in
758 1350 811 1391 usu
827 1332 917 1392 babes
933 1333 987 1391 nisi
1005 1341 1054 1392 aut
1067 1333 1117 1393 tibi

112 1425 160 1476 aut
178 1418 248 1494 patri
260 1424 308 1475 tuo
324 1423 371 1475 aut
385 1416 492 1494 optimo
508 1417 612 1494 cuique
626 1416 785 1495 principum
800 1415 948 1492 dilectum,
964 1418 1116 1493 statimque

112 1500 166 1560 hos
180 1502 260 1578 ipsos
268 1522 276 1569 ;
291 1499 396 1560 cotidie
411 1498 515 1560 deinde
529 1500 566 1560 ita
578 1499 682 1559 formas
697 1508 728 1558 ut
742 1515 776 1558 se
789 1517 846 1559 non
859 1508 906 1559 tua
919 1498 1046 1576 iortuna,
1063 1497 1157 1562 sed15

113 1602 164 1645 sna
183 1585 346 1643 metiantur:
370 1592 399 1643 ct
419 1591 496 1644 tanto
511 1584 600 1661 magis
616 1582 692 1660 digni
706 1583 808 1661 quibus
822 1582 914 1643 honor
929 1584 1017 1642 omnis
1031 1600 1113 1660 prae-

113 1676 204 1726 stetur
218 1684 234 1725 a
248 1667 348 1744 nobis,
366 1669 430 1745 quia
444 1685 501 1727 non
515 1676 559 1727 est
573 1684 707 1727 necesse.
735 1664 859 1727 Iustisne
873 1667 909 1727 de
925 1668 1017 1727 causis
1034 1684 1114 1726 sena·

113 1759 158 1809 tus
173 1747 355 1828 populusque
372 1749 515 1810 Romanus
531 1751 627 1828 optimi
641 1751 692 1810 tibi
708 1766 869 1827 cognomen
889 1747 1014 1810 adiecit?
1032 1749 1114 1809 Para·

112 1842 172 1893 tum
185 1830 214 1891 id
231 1831 344 1910 quidem
359 1840 387 1893 et
402 1835 430 1893 in
446 1833 540 1894 medio
556 1836 693 1913 positum,
717 1852 821 1894 novum
839 1844 941 1894 tamen.
968 1833 1048 1893 Scias
1062 1849 1112 1890 ne·

112 1916 215 1976 minem
235 1926 300 1976 ante
316 1918 472 1995 meruisse,
499 1917 575 1996 quod
589 1935 646 1977 non
661 1924 721 1978 erat
741 1916 975 1995 excogitandum,
1003 1917 1027 1976 si
1049 1917 1154 1994 queso

112 2003 273 2062 meruisset.
303 1999 348 2060 An
370 2003 457 2062 satius
478 2000 531 2062 init
545 2000 662 2061 felicem
676 1997 803 2062 vocare?
823 2001 899 2080 quod
916 2019 972 2060 non
987 2000 1113 2060 moribus

114 2085 166 2146 sed
178 2084 306 2145 fortunae
321 2083 486 2147 detumeat:
500 2086 588 2145 satius
598 2082 749 2164 magnum?
764 2086 809 2145 cni
824 2084 889 2163 plus
900 2084 1022 2144 invidiae
1034 2100 1113 2162 quant

114 2167 330 2246 pulchritudinis
350 2171 434 2230 inest.
464 2168 619 2248 Adoptauit
640 2178 668 2230 te
688 2171 810 2248 optimus
826 2171 961 2248 princeps
978 2170 1007 2227 in
1022 2185 1113 2243 snum,

114 2261 228 2313 senatus
250 2255 279 2312 in
298 2254 397 2331 optimi
411 2271 522 2313 nomen.
550 2252 612 2313 lloc
627 2255 678 2314 tibi
693 2263 749 2312 tam
763 2253 908 2332 proprium
924 2269 1008 2331 quam
1023 2260 1114 2330 pater·

113 2353 193 2405 num;
221 2354 276 2395 uec
295 2339 384 2413 magis
407 2336 539 2397 distincte
563 2336 737 2415 definiteque
755 2336 885 2414 designat
899 2338 947 2415 qui
968 2334 1154 2395 Traianumat

115 2435 197 2496 quam
211 2420 259 2496 qui
275 2421 411 2495 optimum
426 2419 567 2499 appellat,
583 2430 614 2481 ut
628 2420 695 2481 olim
709 2419 869 2498 irugalitete
885 2418 1023 2496 Pisones,
1040 2418 1113 2498 sapi·

114 2501 189 2560 entia
202 2499 305 2577 Laelii,
322 2504 429 2578 pietate
444 2502 554 2562 Metelli
566 2504 799 2565 monstrabantur.
830 2503 910 2576 Quae
925 2502 1008 2562 simul
1024 2502 1114 2562 omnia

113 2601 170 2645 nno
191 2584 246 2643 isto
267 2585 379 2644 nomine
400 2587 588 2646 continentur.
618 2586 685 2660 lieo
704 2587 794 2647 videri
808 2595 906 2666 potest
923 2589 1047 2665 optimus
1061 2586 1115 2645 uisi

114 2670 162 2747 qui
184 2677 228 2728 est
249 2668 378 2728 omnibus
400 2670 513 2748 optimis
533 2670 562 2728 iu
582 2688 633 2732 sua
654 2673 789 2750 oniasque
809 2670 892 2732 laude
915 2671 1115 2748 praestantior.

112 2752 217 2814 bierito
234 2752 285 2813 tibi
300 2770 370 2830 ergo
386 2762 451 2832 post
466 2761 577 2815 ceteras
593 2754 799 2835 appellationes
814 2754 885 2814 baec
901 2764 945 2815 est
962 2754 1071 2829 addita,
1086 2760 1153 2812 uteo

113 2837 209 2896 maior.
231 2835 323 2896 ltiinus
338 2844 383 2896 est
398 2837 472 2896 enim
486 2838 684 2915 imperatorem
700 2848 730 2899 et
745 2836 897 2899 Gaesarem
912 2847 941 2897 et
955 2837 1115 2914 Augustum

114 2937 197 2997 quam
218 2920 347 2979 omnibus
368 2921 585 2997 imperatoribus
603 2931 632 2982 et
655 2919 824 2984 Caesaribus
846 2929 875 2981 et
889 2921 1029 2999 Augustis
1047 2937 1115 2980 esse

112 2999 271 3061 meliorem.
308 3001 435 3080 Ideoque
462 3002 511 3063 ille
532 3022 635 3081 parens
655 3005 795 3066 hominum
818 3005 994 3083 deorumque
1016 3003 1114 3083 optimi

112 3086 203 3165 prius,
220 3083 323 3144 deinde
337 3088 450 3146 maximi
460 3089 574 3147 nomine
589 3087 701 3148 colitur.
717 3088 781 3162 Quo
793 3086 970 3166 praeclarior
980 3086 1042 3149 laus
1054 3097 1112 3163 tua,

113 3185 200 3249 quem
213 3183 271 3227 non
284 3170 375 3229 minus
390 3179 500 3232 constat
515 3171 649 3251 optimum
665 3190 826 3251 essequam
841 3173 1000 3231 maximum.
1022 3169 1155 3232 Adae-35

113 3263 197 3314 cutus
219 3270 251 3312 es
266 3268 368 3310 nomen
385 3253 461 3331 qnod
477 3255 512 3316 ad
526 3253 609 3313 alium
622 3258 742 3315 transire
754 3274 810 3316 non
823 3255 935 3332 possit,
955 3257 1009 3316 nisi
1022 3263 1053 3315 ut
1067 3271 1116 3333 ap·

112 3345 211 3415 pareat
231 3335 259 3395 in
281 3334 357 3394 bono
374 3338 504 3416 principe
519 3337 656 3415 alienum,
679 3340 708 3397 iu
722 3338 795 3399 malo
811 3337 928 3416 ialsum,
956 3337 1117 3418 quodlicet

112 3436 210 3481 omnes
228 3428 332 3498 postea
353 3430 508 3501 usurpent,
537 3438 652 3500 semper
672 3431 764 3481 tamen
785 3430 959 3499 agnoscetur
979 3431 1009 3481 ut
1025 3431 1115 3482 tuum.
