2400 3840
555 181 588 245 0.
611 181 708 244 Pttut

612 333 649 395 X.

414 435 439 486 o.
460 434 587 488 noturus
606 433 725 486 uuntuo
743 433 804 486 suo
824 433 851 489 S.

105 568 116 616 t
189 551 259 614 Cum
273 552 417 611 venissem
431 554 459 611 in
474 569 575 614 socms
589 570 670 613 meae
684 549 780 611 villam
795 549 982 628 Alsiensem,
1001 570 1072 631 quae
1087 552 1130 613 ali·

128 637 239 717 quando
254 634 319 695 Ruli
332 635 450 715 Vergini
471 635 539 714 fuit,
561 638 624 714 ipse
644 634 710 694 mibi
729 632 812 695 locus
830 635 930 714 optinui
944 633 1024 694 illius
1038 644 1068 696 et
1080 655 1130 697 ma·

129 723 196 783 ximi
216 722 269 781 viri
294 720 464 781 desiderium
487 737 544 779 non
561 721 622 780 sine
645 717 745 779 dolore
761 720 921 779 renovavit.
956 716 1042 780 Hunc
1063 722 1148 782 enimi

129 805 228 867 colere
245 823 394 865 secessum
414 813 499 882 atque
519 805 604 864 etiam
623 804 780 864 senectutis
801 819 871 863 suae
887 800 1017 862 nidulum
1031 821 1129 865 vocam

102 897 326 953 tconsusverat.
350 887 536 965 Quocumque
552 905 597 948 me
610 885 806 964 contulissem,
821 885 903 945 illum
917 887 1044 965 animus,
1057 886 1129 947 illum

130 974 206 1035 oculi
225 971 416 1049 requirebant.
448 970 540 1030 Libuit
562 971 646 1030 etiam
660 971 860 1030 monimentum
878 971 940 1030 eius
962 971 1080 1049 videre,
1103 980 1128 1031 et

100 1057 232 1120 ovidisse
248 1055 392 1133 paenituit.
425 1052 479 1114 Est
495 1054 569 1113 enim
581 1052 673 1114 adhuc
687 1053 894 1133 inperiectum‚
911 1072 969 1114 nec
983 1053 1127 1117 difficultas

127 1140 224 1217 operis
239 1139 267 1196 in
283 1154 383 1214 causa,
405 1137 509 1197 modici
529 1155 563 1196 ac
579 1139 673 1215 potius
689 1137 801 1215 exigui,
825 1135 878 1198 sed
893 1138 997 1198 inertia
1011 1139 1073 1201 eius
1088 1139 1158 1199 unilt

128 1239 196 1282 cura
213 1218 341 1280 mandata
359 1229 413 1281 est.
448 1221 529 1283 Subit
542 1221 696 1299 indignatio
710 1240 774 1282 oum
788 1222 989 1300 miseratione,
1005 1233 1072 1302 post
1085 1221 1127 1282 de·

129 1306 231 1366 cimam
243 1306 341 1366 mortis
357 1323 458 1366 anuum
470 1305 604 1387 reliquias
619 1304 840 1384 neglectumque
856 1305 984 1365 cinerem
995 1308 1057 1367 sine
1070 1308 1126 1366 titu·

127 1389 173 1468 lo,
195 1391 257 1451 sine
273 1391 385 1450 nomine
399 1392 513 1468 iacere,
537 1391 616 1450 cuius
630 1391 765 1449 memoria
777 1388 877 1449 orbem
891 1399 1031 1449 terremm
1044 1389 1128 1469 gloria

103 1484 310 1554 dpervagetur.
333 1474 378 1534 Ad
394 1473 442 1535 ille
454 1473 633 1534 mandaverat
648 1481 819 1551 caveratque
835 1482 866 1533 ut
881 1472 1008 1532 divinum
1020 1471 1089 1534 illud
1103 1480 1127 1533 et

128 1557 276 1619 inmortale
290 1559 395 1618 iactum
409 1558 540 1618 versibus
555 1557 772 1618 inscriberetur:
1133 1562 1156 1618 li

242 1641 291 1699 bic
306 1643 377 1701 situs
393 1650 437 1701 est
452 1635 561 1717 Rufus,
582 1640 666 1719 pulso
681 1643 729 1720 qui
742 1638 861 1700 Vindice
878 1640 1021 1719 quondam

319 1725 466 1801 imperium
480 1723 605 1784 adsumit
619 1742 676 1784 non
690 1724 744 1786 sibi
759 1725 812 1784 sed
826 1724 960 1802 patriae(

102 1808 197 1869 5Tam
210 1825 272 1867 rara
283 1808 317 1886 ¹in
337 1809 465 1868 amicitiis
482 1807 571 1886 fides,
592 1817 648 1867 tam
669 1818 765 1888 parata
787 1807 894 1868 oblivio
912 1817 1086 1869 momuorum
1101 1817 1127 1867 ut

127 1893 182 1971 ipsi
197 1892 280 1952 nobis
296 1889 448 1951 debeamus
463 1893 546 1952 etiam
561 1891 716 1952 conditoria
734 1892 866 1952 extruere
883 1892 1035 1971 omniaque
1051 1891 1127 1952 bere·

102 1975 193 2038 fidum
205 1976 298 2036 officia
314 1994 507 2056 praesumere.
535 1973 606 2035 Nam
622 1979 666 2036 cui
684 1993 741 2036 non
764 1985 809 2036 est
823 1976 981 2038 verendum
999 1975 1073 2057 quod
1088 1976 1158 2041 vim

128 2060 226 2122 demus
248 2061 389 2122 occidisse
407 2057 565 2139 Verginio?
591 2063 671 2120 cuius
692 2060 818 2119 iniuriam
837 2071 867 2121 ut
886 2061 1075 2140 indigniorem
1088 2058 1126 2121 sio

128 2147 211 2207 etiam
225 2147 364 2206 notiorem
379 2146 468 2224 ipsius
486 2144 596 2205 claritas
613 2144 689 2203 iecit.
720 2142 802 2204 Vale.

606 2295 658 2355 XI.

408 2392 435 2444 o.
452 2393 578 2445 rutulus
596 2393 726 2445 maxumo
744 2393 803 2445 suo
823 2392 849 2447 s,
1133 2437 1159 2492 ᾖ

102 2525 117 2575 l
192 2508 305 2569 0diem
321 2509 440 2572 laetum!
463 2513 603 2576 adbibitus
623 2516 651 2573 in
671 2512 818 2574 consilium
838 2531 854 2572 a
876 2514 1028 2592 praelecto
1042 2516 1126 2592 urbis,

128 2593 220 2652 audivi
235 2612 272 2653 ex
289 2593 401 2655 diverso
415 2607 534 2674 agentes
549 2615 673 2659 summae
689 2599 768 2676 spei,
792 2613 917 2657 summae
934 2597 1039 2660 indolis
1053 2601 1127 2659 iure·

126 2698 196 2756 nes,
212 2677 336 2739 Fuscum
353 2679 536 2742 Salinatorem
551 2691 580 2741 et
594 2679 760 2741 Ummidium
777 2680 965 2761 Quadmtum‚
983 2685 1127 2760 egregium

127 2782 179 2843 par
193 2782 248 2824 nec
268 2762 352 2823 modo
368 2767 543 2844 temporibus
565 2765 670 2824 nostris
692 2764 745 2825 sed
760 2764 861 2825 litteris
876 2767 949 2843 ipsis
964 2775 1126 2827 ornamento

101 2848 257 2911 tluturum.
280 2846 349 2907 lllira
366 2849 477 2926 utrique
493 2849 637 2926 probitas,
656 2850 811 2909 constantia
826 2847 921 2926 salva,
945 2850 1069 2911 deeoms
1083 2851 1160 2909 tra-ao

126 2930 214 3006 bitus,
230 2946 264 2989 os
276 2930 413 3008 Latinum,
428 2950 486 2992 vox
501 2932 601 3009 virilis,
614 2941 701 2992 tenax
715 2933 860 3009 memoria,
876 2951 1009 3009 magnum
1022 2934 1127 3012 iugeni-

126 3031 184 3090 um,
199 3012 331 3072 iudicium
345 3015 465 3094 aequale
473 3038 480 3086 ;
496 3034 570 3093 quae
583 3015 693 3092 singula
709 3014 775 3075 mibi
789 3014 929 3095 voluptati
945 3017 1071 3096 fuerunt,
1084 3016 1127 3077 ad·

127 3112 183 3173 que
205 3097 278 3155 inter
297 3096 368 3158 haec
389 3098 476 3176 illud,
500 3099 576 3178 quud
596 3108 626 3159 et
645 3101 700 3176 ipsi
716 3119 761 3160 me
778 3110 808 3161 ut
821 3109 983 3180 rectorem,
999 3112 1032 3162 ut
1044 3101 1127 3178 magi·

126 3189 214 3239 stmm
233 3180 412 3241 intuebantur
433 3192 462 3243 et
482 3184 516 3243 iis
538 3185 586 3262 qui
604 3183 754 3243 audiebant
767 3202 813 3243 me
829 3183 982 3263 aemulari,
1005 3188 1076 3247 meis
1090 3187 1127 3243 in·

98 3272 201 3326 astare
216 3265 345 3342 vestigiis
360 3266 536 3326 videbuntur.
571 3265 595 3326 0
610 3267 683 3325 diem
699 3269 841 3345 (repetam
855 3268 944 3347 enim)
961 3268 1067 3330 laetum
1081 3273 1159 3328 nott

126 3347 296 3425 tandumque
318 3349 383 3408 mibi
407 3350 605 3411 candidissimo
620 3348 745 3408 calculo!
775 3349 849 3423 Quid
864 3353 938 3411 enim
951 3364 1000 3414 aut
1016 3352 1128 3434 publice

126 3427 227 3492 laetius
249 3450 332 3510 quam
354 3430 526 3494 clarissimos
547 3435 665 3492 iuvenes
684 3450 787 3493 nomen
809 3445 838 3495 et
857 3434 959 3495 famam
980 3455 1020 3498 ex
1034 3436 1128 3500 studiis

95 3586 203 3620 A...
