2400 3840
128 195 188 259 162
554 189 584 253 C.
609 187 705 250 PLlNl

125 351 204 409 xisse
219 346 321 422 liceat,
343 345 393 403 iuit
412 330 488 402 nulla
504 360 556 403 sua
571 341 670 420 culpa,
688 343 788 402 aetatis
800 340 904 420 aliqua.
932 341 1002 402 Inde
1018 343 1122 405 abortus

100 441 156 498 set
172 430 292 506 ignorati
307 429 381 488 uteri
392 428 473 488 triste
489 427 723 504 experimentum.
746 424 885 502 Proinde,
899 427 956 487 etsi
970 445 1028 486 non
1044 429 1123 487 conti·

126 515 167 592 git
182 513 231 572 tibi
247 511 418 572 desiderium
434 511 527 569 iratris
542 510 638 569 amissi
651 517 698 567 aut
709 519 816 587 nepote
835 510 898 569 eius
916 519 963 570 aut
981 521 1068 590 nepte
1081 529 1122 572 so·

126 597 194 673 lari,
218 604 360 655 memento
371 604 464 655 tameo
479 592 593 653 dilatum
609 593 697 668 magis
712 591 787 652 istud
801 611 883 670 qnam
899 603 1052 672 negatum,
1068 613 1122 654 cum
1194 666 1198 677 Ι

126 679 205 742 salva
220 681 256 740 sit
270 699 307 739 ex
323 697 377 757 qua
392 678 501 757 sperari
515 685 622 756 potest.
643 673 732 733 Simul
746 693 854 736 excusa
870 678 945 755 patri
960 687 1010 737 tuo
1026 694 1145 755 casnm,5
1194 682 1198 757 ξ

40 768 42 772 ’
127 765 172 824 cui
187 765 310 842 paratior
319 762 393 842 apud
409 761 527 821 feminas
543 760 635 819 venia.
667 757 747 818 Vale.

594 890 659 950 xli.

390 991 416 1040 C.
439 989 563 1042 PLINIUS
579 988 746 1041 MlNiOithO
766 987 826 1039 SUO
844 986 870 1038 S.

103 1117 117 1166 1
189 1093 270 1152 Hunc
287 1090 378 1151 solum
394 1090 469 1151 diem
486 1109 604 1151 excuso.
626 1091 806 1152 Recitaturus
821 1099 867 1150 est
882 1089 1002 1152 Titinius
1019 1091 1157 1173 Capituli

127 1194 211 1256 quem
234 1192 291 1252 ego
316 1174 412 1234 audire
433 1176 534 1234 nescio
554 1177 644 1252 magis
668 1174 788 1236 debeam
808 1192 842 1233 an
864 1177 987 1254 cupiam.
1018 1177 1068 1237 Vir
1084 1188 1125 1239 est

125 1261 248 1340 optimus
264 1268 293 1319 et
302 1259 375 1319 inter
384 1259 537 1337 praecipua
545 1257 654 1320 saeculi
667 1267 829 1319 ornamenta
840 1259 1047 1322 numerandus:
1063 1261 1126 1322 colit

125 1344 227 1421 studia,
243 1343 387 1404 studiosos
397 1352 479 1421 amat,
494 1342 585 1421 iovet,
600 1341 742 1420 provehit,
758 1340 968 1422 multorumque
979 1347 1028 1423 qui
1039 1345 1125 1424 aliqua

126 1437 291 1507 conponunt
307 1437 406 1507 portus
422 1428 500 1486 sinus
515 1427 686 1506 praemium,
711 1426 834 1485 omnium
850 1426 1032 1507 exemplum,
1052 1431 1125 1508 'ipsa-

125 1532 186 1573 rum
207 1512 329 1591 denique
345 1511 500 1572 litterarum
522 1512 575 1570 iam
598 1511 808 1571 senescentium
828 1509 964 1571 reductor
984 1530 1020 1572 ac
1040 1513 1157 1576 reior-lt

100 1608 224 1664 amator.
248 1596 369 1656 Domum
383 1612 461 1655 suam
476 1594 660 1655 recitantibus
676 1594 813 1673 praebet,
834 1593 971 1655 auditoria
985 1613 1043 1656 nou
1057 1596 1126 1677 apud

126 1701 159 1741 se
173 1688 281 1740 tantum
298 1679 472 1754 benignitate
487 1680 555 1738 mira
569 1677 745 1756 frequentat;
769 1676 835 1737 mibi
851 1688 944 1755 certe,
963 1679 988 1740 si
1004 1679 1087 1750 modo
1101 1682 1126 1739 in

125 1764 207 1837 urbe,
221 1760 309 1819 deiuit
320 1779 477 1840 numquam.
500 1761 588 1822 Porro
599 1771 676 1822 tanto
687 1763 797 1838 turpius
808 1761 925 1839 gratiam
937 1780 996 1823 non
1008 1764 1125 1843 reierre,

99 1853 233 1923 equanto
248 1843 396 1904 honestior
410 1863 496 1905 causa
510 1845 687 1906 referendae.
715 1845 771 1922 An,
789 1845 813 1903 si
829 1844 926 1905 litibus
941 1856 1064 1928 tereres,
1079 1848 1125 1909 ob·

126 1930 254 1990 strictum
269 1947 336 1989 esse
348 1948 393 1989 me
410 1929 558 1990 crederem
573 1929 687 1988 obeunti
700 1928 857 1990 vadimonia
872 1948 946 2009 mea,
961 1949 1049 2011 nunc,
1064 1933 1160 2012 quiait

125 2012 191 2072 mibi
212 2031 294 2074 omne
320 2014 484 2092 negotium,
510 2014 599 2073 omnis
621 2015 649 2072 in
669 2013 769 2074 studiis
789 2031 872 2092 cura,
900 2016 992 2076 minus
1016 2016 1126 2094 obligor

124 2106 199 2158 tanto
213 2097 364 2158 sedulitate
380 2097 535 2158 celebranti
553 2099 580 2155 in
596 2115 653 2174 quo
669 2096 788 2175 obligari
805 2115 873 2176 ego,
891 2117 928 2158 ue
944 2099 1037 2160 dicam
1053 2101 1124 2177 solo,

100 2191 207 2245 tcerte
222 2184 340 2241 maxime
356 2179 494 2260 possum?
518 2180 601 2254 Quod
618 2181 642 2239 si
657 2180 698 2240 illi
714 2180 818 2240 nullam
835 2183 938 2259 vicem,
956 2182 1035 2245 nulla
1050 2185 1126 2264 quasi

125 2275 219 2324 mutua
235 2265 328 2324 cilicia
342 2265 493 2343 deberem,
515 2263 686 2325 sollicitarer
705 2275 798 2326 tamen
814 2264 862 2325 vel
878 2267 994 2343 ingenio
1008 2267 1125 2329 hominis

125 2346 318 2426 pulcherrimo
336 2357 364 2408 et
376 2349 495 2409 maximo
516 2357 545 2408 et
562 2348 590 2406 in
607 2366 714 2408 summa
727 2350 881 2409 severitate
900 2349 1160 2421 dulcissimo'uclau

124 2431 276 2490 honestate
293 2433 437 2492 materiae.
469 2432 574 2493 Scribit
592 2433 684 2492 exitus
699 2432 857 2493 inlustrium
872 2435 1016 2514 virorum,
1038 2437 1066 2495 in
1085 2436 1126 2497 bis

100 2513 300 2592 equoruodam
315 2516 381 2574 mibi
398 2517 614 2576 carissimorum.
637 2515 746 2576 Videor
757 2535 827 2595 ergo
839 2515 919 2595 iungi
936 2521 985 2596 pio
999 2537 1126 2597 munere,

125 2615 301 2678 quorumque
319 2601 470 2678 exsequias
486 2594 634 2659 celebrare
651 2617 707 2658 non
721 2599 817 2677 licuit,
834 2599 934 2660 horum
951 2605 1034 2681 quasi
1048 2603 1126 2663 iune-

124 2682 222 2744 bribus
236 2682 459 2761 laudationibus,
482 2683 555 2744 seris
572 2683 685 2763 quidem
705 2683 758 2745 sed
778 2692 856 2743 tanto
873 2687 964 2763 magis
987 2688 1066 2748 ueris
1087 2689 1126 2746 in·

123 2774 245 2828 teresse.
276 2767 356 2827 Vale.
1132 2782 1163 2837 ao

586 2898 664 2961 Xlli.

405 2997 432 3053 c.
451 2999 574 3051 rmums
595 3000 725 3050 usurum
742 2999 801 3050 suo
820 3000 846 3050 s

100 3109 115 3163 1
188 3093 282 3156 Probo
298 3096 375 3175 quod
388 3096 505 3159 libellos
525 3116 606 3159 meos
629 3110 789 3177 compatre
809 3100 916 3179 legisti.
951 3101 1079 3166 Pertinet
1093 3101 1127 3164 ad

123 3179 286 3260 proiectum
306 3191 416 3241 tnuma
439 3181 624 3241 disertissimo
644 3185 705 3242 viro
727 3184 839 3246 discere
860 3185 929 3263 quid
950 3184 1163 3266 laudmdumao

125 3265 192 3344 quid
212 3264 494 3344 reprehendendum,
521 3264 602 3325 simul
623 3267 661 3326 ita
681 3267 786 3329 institui
807 3277 838 3328 ut
851 3286 951 3329 verum
967 3269 1066 3333 dicore
1080 3270 1126 3332 ad·
1177 3332 1181 3343 ,

96 3359 253 3413 ardescas.
282 3349 371 3410 Vides
387 3366 471 3426 quem
486 3351 584 3428 sequi,
607 3351 686 3410 cuius
702 3352 809 3413 debeas
821 3352 934 3432 inplere
948 3357 1080 3434 vestigia.
1103 3353 1127 3416 0

124 3442 156 3492 te
176 3432 304 3494 beatum!
334 3432 379 3492 cui
403 3433 523 3510 contigit
542 3435 636 3494 vivum
656 3434 748 3514 adque
772 3436 848 3496 idem
862 3439 998 3515 ontimum
1015 3449 1045 3501 et
1061 3456 1127 3502 con·
