2400 3840
512 173 547 238 G.
568 174 665 239 vttttt

551 328 614 389 XV.

293 428 320 479 G.
340 427 466 480 PLINIUS
485 427 627 478 SEPTICIO
645 427 753 479 GLARO
773 426 834 478 SUO
853 425 880 477 S.

62 558 77 608 l
146 545 224 608 lleus
245 555 275 606 tu
296 547 437 625 promittis
456 545 491 606 ad
512 564 611 606 cenam
632 565 688 606 neo
714 542 810 606 venis!
835 541 959 604 Dicetur
976 543 1034 604 ius:
1054 543 1085 604 ad

60 640 179 693 tassem
190 629 353 709 inpendium
364 629 480 709 reddes,
496 648 551 690 nec
564 628 592 688 id
603 630 754 691 modicum.
776 627 892 687 Paratae
908 636 988 687 erant
1002 626 1084 688 lactu·

86 733 138 776 cae
152 713 298 793 singulae,
321 713 460 775 cochleae
475 723 590 789 ternae,
614 731 667 774 ova
682 713 763 788 bina,
783 709 855 771 altca
872 728 937 771 oum
952 710 1044 772 mulso
1057 716 1102 772 eta

84 801 150 859 nive
162 800 241 878 (nam
250 798 322 859 hanc
335 816 451 878 quoque
464 797 653 876 computabis,
670 798 753 856 immo
766 795 838 854 banc
851 796 879 852 in
891 796 1003 874 primis,
1020 813 1086 874 quae

85 885 170 961 periit
184 885 212 942 in
223 881 364 961 ferculo),
381 881 485 959 olivae,
501 882 626 959 betacei,
644 880 819 956 cucurbitae,
840 877 931 956 bulbi,
947 878 1001 939 alia
1015 878 1086 939 mdle

84 985 141 1028 non
157 970 248 1026 minus
264 965 349 1026 lauta.
371 965 513 1026 Audisses
528 964 683 1025 comoedos
698 962 746 1023 vel
761 962 902 1022 lectorem
912 960 962 1021 vel
973 962 1086 1038 lyristen

13 1086 16 1091 ,
61 1050 151 1127 tvel,
176 1067 249 1128 quae
269 1066 332 1108 mea
354 1046 526 1124 liberalitas,
549 1065 658 1109 omnes.
690 1046 737 1106 Ad
757 1056 787 1106 tu
802 1044 877 1125 apud
892 1049 994 1107 nescio
1009 1064 1086 1126 quem

85 1143 197 1210 ostrea,
218 1132 337 1210 vulvas,
356 1130 492 1210 echinos,
515 1129 663 1191 Gaditanas
689 1130 821 1190 maluisti.
856 1127 947 1191 Dabis
971 1141 1116 1208 poenas,lt

84 1234 141 1276 non
156 1215 221 1276 dico
237 1234 318 1294 quas.
353 1215 432 1275 Dure
453 1215 565 1276 fecisti:
588 1214 732 1292 invidisti,
749 1214 850 1274 nescio
871 1230 907 1273 an
925 1213 994 1293 tibi,
1014 1223 1085 1275 certe

84 1299 164 1377 mibi,
182 1299 235 1361 sed
250 1309 343 1359 tamen
358 1309 387 1360 et
404 1300 465 1359 tibi.
487 1297 627 1372 Quantum
643 1317 695 1360 nos
710 1298 897 1374 lusissemus,
916 1298 1085 1375 risissemus,

62 1382 308 1446 dstuduissemus!
331 1383 418 1444 Potes
434 1384 595 1462 apparatius
618 1401 722 1443 cenare
737 1382 812 1460 apud
823 1379 940 1459 multos,
957 1398 1086 1461 nusquam

85 1468 200 1530 hilarius
222 1467 384 1547 simplicius
406 1469 556 1528 incautius.
586 1465 619 1526 ln
637 1485 754 1542 summa,
770 1467 918 1544 experire,
934 1476 966 1527 et
976 1468 1029 1528 nisi
1041 1482 1087 1544 po·

86 1562 147 1613 stea
167 1561 197 1612 te
217 1551 280 1611 aliis
303 1554 399 1630 potius
415 1551 620 1628 excusaveris,
644 1549 711 1609 milri
726 1567 841 1627 semper
856 1567 976 1610 excusa.
1011 1548 1115 1609 Valelt

575 1702 601 1762 V
617 1744 625 1762 .

372 1798 398 1848 o.
418 1702 680 1852 ruimusdralucro
700 1799 759 1850 suo
778 1798 804 1853 a.

67 1931 82 1981 l
152 1916 289 1976 Amabam
295 1917 657 1998 PompeiumSaturninum,
673 1918 747 1978 buno
764 1918 829 1978 dico
843 1926 984 1996 nostrum,
999 1915 1087 1976 lauda·

86 2002 208 2080 bamque
224 2003 285 2061 eius
306 2003 464 2081 ingenium,
487 2005 572 2063 etiam
591 2011 740 2081 antequam
755 2004 860 2062 scirem
876 2020 961 2081 quam
974 2002 1120 2078 varium,tt

87 2103 169 2164 quam
187 2084 332 2163 flexibile,
359 2105 441 2165 quam
463 2087 615 2166 multiplex
637 2094 730 2146 esset:
756 2103 830 2145 nunc
854 2102 925 2145 vero
942 2095 1087 2147 totumne
1151 2102 1154 2155 ι

64 2177 179 2246 ttenet,
196 2168 291 2247 liabet,
309 2171 449 2249 possidet.
469 2171 555 2231 Audii
568 2187 667 2231 causas
683 2179 815 2247 agentem
832 2171 939 2229 aeriter
952 2179 983 2230 et
994 2167 1087 2229 arden·
1151 2160 1154 2245 l

85 2262 131 2312 ter
145 2270 201 2312 nec
219 2254 310 2313 minus
325 2254 415 2331 polite
434 2262 463 2312 et
478 2264 594 2331 ornate,
617 2255 679 2314 sive
694 2253 826 2314 meditata
840 2255 902 2313 sive
918 2254 1013 2314 subita
1027 2268 1088 2331 pro·
1148 2258 1154 2289 ¹·

86 2337 185 2395 ierret.
205 2333 317 2395 Adsunt
334 2345 433 2396 acutae
450 2337 628 2416 crebraeque
644 2340 813 2414 sententiae,
828 2339 926 2415 gravis
941 2347 972 2398 et
988 2336 1095 2397 decora

88 2420 280 2495 constructio,
303 2422 428 2479 sonantia
442 2421 531 2482 verba
546 2431 575 2482 et
590 2423 714 2500 antiqua.
743 2420 841 2480 Omnia
856 2421 930 2481 baec
945 2421 1018 2482 mira
1032 2417 1120 2499 pla-tt

87 2510 165 2580 cent,
182 2519 245 2560 cum
260 2503 368 2579 impetu
383 2504 503 2581 quodam
518 2515 547 2566 et
565 2505 679 2565 flumine
695 2503 905 2584 pervehuntur,
923 2504 1051 2583 placant,
1065 2503 1089 2564 si

61 2588 299 2651 eretractentur.¹
316 2585 431 2648 Senties
447 2589 523 2667 quod
541 2608 615 2668 ego,
632 2607 696 2649 eum
712 2590 854 2650 orationes
870 2591 933 2649 eius
951 2590 981 2649 in
993 2605 1089 2649 manus
1152 2590 1154 2595 '

85 2669 258 2748 sumpseris,
275 2687 344 2748 quas
358 2670 444 2732 facile
459 2673 579 2734 cuilibet
591 2681 735 2750 veterum,
757 2690 876 2752 quorum
891 2683 937 2734 est
951 2671 1089 2749 aemulus,

62 2753 278 2833 doomparabis.
309 2753 388 2815 ldem
402 2764 495 2816 tamen
510 2758 539 2816 in
554 2757 672 2819 historia
686 2759 775 2834 magis
790 2756 949 2818 satisfaciet
963 2756 1014 2818 vel
1026 2755 1090 2816 bre·

84 2840 172 2898 vitate
188 2837 235 2897 vel
250 2837 317 2899 luce
334 2838 382 2898 vel
397 2844 535 2902 suavitate
549 2840 597 2900 vel
612 2839 766 2919 splendore
779 2841 863 2901 etiam
876 2850 905 2901 et
916 2839 1123 2904 sublimitatett

85 2922 223 2981 narrandi.
254 2921 326 2983 Nam
348 2925 375 2982 in
397 2926 577 2986 contionibus
594 2924 694 2984 eadem
709 2942 781 3003 quae
803 2927 832 2984 in
850 2925 1027 2986 orationibus
1047 2924 1090 2984 vis

61 3014 144 3083 test,
161 3007 289 3083 pressior
304 3015 397 3067 tamen
410 3018 440 3069 et
455 3009 699 3087 circumscriptior
714 3017 743 3069 et
758 3007 916 3068 adductior.
939 3007 1091 3069 Praeterea

86 3088 155 3149 iacit
176 3107 296 3167 versus,
317 3091 416 3168 quales
439 3089 567 3153 Catullus
582 3101 629 3152 aut
646 3089 762 3153 Calvus.
781 3092 921 3165 Quantum
936 3091 995 3153 illis
1009 3091 1078 3170 lepo

85 3175 142 3251 ris,
165 3172 342 3251 dulcedinis,
363 3177 573 3251 amaritudinis,
594 3174 711 3237 amoris!
734 3177 834 3236 inserit
849 3193 935 3253 sane,
959 3176 1013 3238 sed
1028 3175 1091 3235 data

86 3273 102 3315 o
125 3275 183 3335 era,
198 3257 333 3318 mollibus
345 3258 518 3338 levibusque
534 3258 715 3320 duriusculos
733 3258 881 3338 quosdam,
897 3268 926 3320 et
940 3259 998 3320 boc
1010 3258 1125 3339 quasltt

60 3348 77 3402 6
110 3340 213 3401 atullus
231 3351 278 3402 aut
293 3338 408 3403 Calvus.
443 3341 526 3420 Legit
543 3341 610 3402 mibi
625 3361 716 3422 nuper
731 3342 884 3422 epistulas;
906 3343 1006 3405 uxoris
1022 3360 1089 3405 esse

86 3423 212 3484 dicebat:
237 3425 363 3486 Plautum
385 3424 433 3486 vel
452 3424 616 3487 Terentium
635 3437 726 3488 metro
748 3427 870 3488 solutum
887 3426 948 3506 legi
970 3425 1088 3489 credidi.
