2400 3840
380 202 649 266 PANEGYRIGUS
665 213 708 269 at.
716 214 761 269 18.
769 214 814 270 49.
1036 205 1101 272 267

92 365 157 418 ante
171 366 219 433 te,
235 375 336 435 magna
350 368 417 436 post
435 368 482 436 te,
499 360 617 418 instate
631 365 724 417 tamen
739 359 855 417 maxima
870 359 968 437 quies:
994 367 1099 421 tantum

92 440 199 519 ubique
216 439 375 519 silentium,
397 451 452 501 tam
466 442 539 502 altus
554 440 647 520 pudor
660 450 692 501 ut
703 440 740 500 ad
759 458 863 520 parvos
877 450 998 520 penates
1014 452 1045 503 et
1058 442 1098 503 la·

92 543 153 584 rem
175 533 324 602 angustum
346 542 383 584 cx
405 523 488 585 domo
508 525 645 603 principis
667 524 824 584 modestiae
844 533 874 585 et
888 525 1098 604 tranquillitatis

93 606 224 688 exempla
236 607 405 668 referantur.
435 608 504 686 lpse
520 616 659 669 autemut
680 610 792 686 excipis
815 608 927 670 omnes!
955 619 986 668 ut
1007 603 1150 688 expe-48

66 691 170 752 oetas!
194 701 225 752 ut
244 709 373 769 maguam
388 701 498 768 partem
515 692 623 752 dierum
642 693 717 753 iuter
730 701 774 753 tot
788 693 901 771 imperii
917 710 1000 753 curas
1016 695 1098 772 quasi

91 792 146 852 per
159 778 246 835 otium
262 774 409 853 transigis!
430 775 531 854 ltaque
545 792 602 835 nou
616 775 664 835 alii
679 785 708 836 et
722 777 848 853 attoniti,
865 795 921 836 uec
938 785 969 836 ut
983 779 1098 856 pericu·

91 858 147 918 lum
164 861 264 937 capitis
280 859 380 920 adituri
395 859 541 936 tarditate,
568 860 622 920 sed
636 863 731 920 securi
747 868 777 920 et
788 859 910 937 bilares,
939 878 1003 920 cum
1019 878 1097 920 corn·

90 941 204 1002 modum
222 953 283 1020 est,
301 945 495 1005 convenimus.
519 942 557 1002 m
570 943 734 1004 admittente
750 946 882 1023 principe
896 945 1036 1005 interdum
1051 954 1097 1006 est

92 1025 199 1104 aliquid
215 1027 291 1106 quod
307 1044 362 1090 nos
377 1028 452 1088 domi
468 1029 550 1108 quasi
563 1028 652 1105 magis
665 1030 861 1088 necessarium
875 1037 984 1098 teneat;
1010 1046 1097 1089 excu-

50 1114 144 1170 roseti
160 1129 276 1190 semper
290 1112 341 1172 tibi
355 1130 410 1172 nec
424 1129 557 1192 umquam
569 1112 723 1174 excusandi
740 1129 846 1173 sumus.
870 1111 935 1172 Scis
951 1115 1027 1173 euim
1041 1113 1097 1174 sibi

92 1211 235 1272 quemque
249 1205 396 1272 praestare
412 1197 489 1274 quod
504 1207 534 1257 te
547 1196 660 1274 videat,
683 1194 760 1276 quod
776 1196 954 1275 irequeutet;
968 1213 1002 1255 ac
1016 1206 1094 1257 tanto

91 1276 238 1337 liberalius
254 1295 287 1336 ac
301 1277 402 1338 diutius
418 1280 572 1359 voluptatis
587 1280 671 1341 buius
683 1282 795 1359 copiam
808 1280 942 1359 praebes.
974 1279 1037 1340 Nec
1052 1298 1097 1341 sa·

91 1360 243 1421 lutationes
258 1369 320 1422 tuas
341 1362 410 1438 luga
425 1372 456 1423 et
469 1366 586 1422 vastitas
602 1364 738 1440 sequitur.
768 1361 969 1439 Remoramur,
986 1364 1097 1424 resisti·
1138 1372 1149 1385 '

91 1463 171 1521 mus,
187 1446 258 1505 utin
271 1447 411 1504 communi
426 1444 528 1523 domo,
544 1462 627 1523 quam
637 1463 729 1523 nuper
745 1445 793 1504 illa
808 1446 995 1506 inmanissima
1010 1445 1096 1505 belua

49 1528 213 1607 15plurimo
233 1538 345 1589 terrore
367 1530 520 1605 munierat,
548 1545 612 1586 cum
630 1528 711 1588 velut
731 1527 853 1608 quodum
872 1545 963 1605 specu
986 1528 1096 1589 inclusa

91 1630 166 1671 nunc
187 1614 410 1691 propinquorum
431 1612 597 1689 sanguinem
618 1611 756 1671 lamberet
778 1630 853 1672 nunc
875 1629 908 1672 se
922 1610 957 1670 ad
972 1611 1096 1672 clarissi-

90 1713 199 1754 morum
213 1697 314 1755 civium
329 1704 441 1773 strages
454 1694 618 1774 caedesque
634 1694 787 1774 proferret.
808 1693 1040 1755 Obversabantur
1054 1694 1097 1754 lo·

90 1780 169 1839 ribus
190 1779 291 1839 horror
312 1788 342 1839 et
361 1781 451 1839 minae
470 1788 499 1839 et
519 1797 569 1858 par
584 1787 676 1839 metus
691 1779 821 1839 admissis
835 1787 866 1855 et
882 1778 1018 1839 exclusis.
1052 1778 1097 1839 Ad

89 1863 146 1922 hoc
157 1865 221 1940 ipse
233 1880 356 1923 occursu
368 1881 483 1942 quoque
494 1865 615 1942 visuque
627 1861 777 1923 terribilis:
794 1863 930 1941 superbia
947 1865 975 1922 iu
992 1863 1095 1938 fronte,

48 1948 131 2005 aoira
150 1948 177 2005 iu
198 1946 307 2024 oculis,
333 1947 473 2006 femineus
493 1946 587 2026 pallor
606 1948 791 2025 incorpore,
818 1949 847 2005 iu
865 1963 916 2006 ore
932 1945 1097 2024 inpudentia

89 2028 177 2088 multo
191 2031 297 2090 rubore
312 2030 427 2090 suiiusa.
463 2028 528 2089 Non
541 2029 619 2089 adire
634 2031 792 2108 quisquam,
809 2047 866 2088 nou
880 2028 998 2107 adloqui
1011 2029 1096 2088 aude·

90 2113 137 2173 bat
152 2113 284 2173 tenebras
306 2130 421 2192 semper
440 2122 642 2192 secretumque
663 2122 822 2191 captantem
843 2130 898 2172 uec
914 2129 1045 2191 umquam
1060 2130 1097 2171 ex

90 2195 243 2258 solitudine
256 2214 306 2256 sua
321 2194 520 2275 prodeuntem,
535 2198 589 2256 uisi
602 2206 633 2257 ut
649 2194 830 2256 solitudinem
844 2195 963 2256 iaceret.
985 2195 1038 2256 llle
1053 2204 1094 2254 ta·
1105 2198 1147 2262 49

89 2298 171 2357 men,
188 2279 291 2358 quibus
308 2281 363 2340 sibi
377 2279 532 2359 parietibus
551 2289 582 2340 et
596 2280 682 2340 muris
697 2279 817 2340 salutem
835 2296 914 2340 suam
927 2280 1001 2339 tueri
1015 2277 1094 2338 ride·

47 2370 81 2422 25
90 2364 188 2442 batur,
210 2363 306 2424 dolum
320 2381 420 2424 secum
436 2373 466 2424 et
480 2362 595 2424 insidias
614 2373 643 2424 et
657 2362 780 2424 ultorem
795 2362 941 2424 scelerum
957 2362 1043 2423 deum
1053 2365 1095 2421 in·

91 2446 186 2508 clusit.
212 2447 339 2509 Dimorit
354 2447 551 2527 perfregitque
566 2447 710 2509 custodias
724 2463 818 2527 poena
830 2455 1028 2526 angustosque
1043 2464 1096 2526 per

89 2531 181 2592 aditus
203 2541 232 2592 et
251 2531 431 2610 obstructos,
454 2549 511 2591 non
533 2549 620 2592 secus
640 2548 675 2591 ac
689 2549 743 2610 per
756 2530 962 2609 apertas'iores
980 2541 1011 2592 et
1026 2531 1096 2590 inri-

89 2618 175 2674 tantia
190 2614 301 2692 limina,
320 2617 441 2694 inrupit;
469 2615 615 2694 longeque
629 2624 698 2676 tunc
711 2615 754 2675 illi
769 2616 899 2676 divinitas
914 2632 981 2692 sua,
1008 2614 1097 2691 louge

89 2714 191 2757 arcana
205 2696 253 2757 illa
268 2698 372 2759 cubilia
387 2699 527 2778 saevique
540 2717 694 2775 secessus,
710 2701 823 2777 inques
835 2700 936 2758 timore
949 2707 979 2757 et
995 2714 1096 2776 super-

46 2782 134 2842 achia
150 2789 179 2840 ct
190 2781 255 2841 odio
271 2781 413 2841 bominum
426 2783 571 2859 agebatur.
601 2780 713 2853 Quanto
726 2799 800 2841 nuuc
815 2782 917 2858 tutior,
933 2789 1038 2858 quanto
1050 2798 1096 2840 se·

91 2865 186 2925 curior
208 2863 308 2924 eadem
331 2864 449 2942 domus,
474 2873 626 2943 postquam
649 2881 706 2924 nou
730 2862 905 2923 crudelitatis
925 2862 978 2923 sed
993 2865 1096 2923 amoris

91 2947 239 3023 excubiis,
265 2964 321 3007 nou
343 2946 495 3008 solitudine
512 2957 542 3008 et
566 2946 698 3007 claustris
719 2947 773 3008 sed
799 2947 903 3006 civium
928 2945 1096 3006 celebritate

90 3029 264 3091 defenditur!
284 3028 396 3111 Ecquid
408 3047 479 3109 ergo
491 3029 628 3091 discimus
641 3032 839 3108 experimento
854 3029 1016 3090 fidissimam
1028 3048 1097 3091 esse

91 3113 248 3175 custodiam
264 3115 402 3194 priuci'pis
424 3116 516 3194 ipsius
530 3111 741 3175 innocentiam?
772 3113 852 3173 llaec
870 3131 920 3174 arx
934 3114 1096 3191 inaccessa,

45 3209 80 3263 35
89 3199 145 3259 boc
160 3197 384 3277 inexpugnabile
397 3202 614 3276 munimentum,
635 3200 807 3258 munimento
822 3214 880 3256 non
894 3215 993 3276 egere.
1027 3196 1096 3256 Fru-

89 3291 147 3344 stra
163 3301 195 3342 se
207 3291 319 3342 terrore
333 3283 507 3344 succinxerit
521 3283 569 3362 qul
581 3290 680 3362 septus
695 3282 812 3342 caritate
826 3298 883 3340 non
897 3281 997 3341 fuerit:
1013 3281 1096 3339 armis

89 3368 163 3425 euim
179 3384 254 3426 arma
268 3366 423 3426 inuitentur.
455 3365 530 3426 Num
544 3375 638 3427 autem
653 3368 743 3427 serias
754 3374 860 3426 tautum
875 3373 973 3443 partes
989 3362 1097 3423 dierum

88 3450 117 3508 iu
133 3444 225 3510 oculis
241 3452 346 3511 uostris
369 3458 513 3528 coetuque
535 3446 700 3511 consumis?
728 3467 786 3510 nou
804 3447 1019 3510 remissionibus
1041 3448 1097 3508 tuis
