2400 3840
116 192 178 256 288
542 190 575 252 0.
590 189 687 252 PLlNl

117 347 269 423 indignum,
285 345 309 404 si
320 353 420 423 posset
431 343 556 403 honores
568 343 634 403 dare
647 344 694 422 qui
705 361 810 422 gerere
822 360 878 403 nou
891 353 1003 421 posset.
1020 341 1117 404 Factu-

116 450 164 491 ms
179 427 313 489 consules
326 427 445 505 doceat,
461 427 681 505 accepturisque
693 426 895 505 amplissimum
907 427 1046 488 honorem
1058 444 1117 505 per-

117 513 233 576 suadeat
247 512 321 572 scire
340 530 372 572 se
390 511 457 590 quid
472 512 509 572 sit
524 510 600 589 quod
617 510 706 570 dubit:
729 513 770 571 sic
789 512 818 570 lit
833 521 864 569 ut
879 510 919 570 illi
937 529 1052 590 quoque
1067 511 1117 572 sci·

116 608 163 658 ant
178 595 244 676 quid
259 597 429 673 acceperint.

66 680 106 748 78
179 681 244 754 Quo
265 681 501 745 iustiussenatus
518 688 548 739 ut
570 681 738 757 susciperes
754 686 882 757 quartum
898 677 1074 738 consulatum
1092 687 1140 740 et5

118 766 229 844 rogavit
250 772 278 823 et
300 764 391 823 iussit.
427 761 540 839 lmperii
559 761 614 822 hoc
634 764 770 839 verbum,
797 778 854 821 non
869 761 1039 822 adulationis
1054 779 1117 823 esse

118 850 258 928 obsequio
275 856 323 906 tuo
338 845 442 924 crede,
458 846 534 924 quod
545 863 601 906 nou
615 846 668 906 alin
680 849 707 906 in
720 864 752 905 re
766 847 857 922 magis
868 855 916 905 aut
929 854 1046 906 senatus
1061 847 1118 906 exi·

118 952 188 1011 gere
210 950 225 990 a
249 941 278 991 te
292 941 339 991 aut
352 939 382 991 tu
396 939 543 1010 praestare
558 932 668 991 senatui
683 930 784 990 debas.
811 928 849 988 Ut
867 932 942 989 enim
958 939 1117 990 ceterorum

117 1018 258 1077 hominum
271 1016 308 1074 ita
323 1017 491 1093 principum,
507 1013 619 1074 illorum
634 1016 718 1075 stiam
733 1015 779 1092 qui
795 1012 832 1072 dii
848 1014 903 1073 sihi
916 1013 1057 1089 videntur,
1074 1032 1119 1072 ae·

117 1118 183 1160 rum
192 1115 275 1158 omne
287 1108 316 1157 et
324 1098 412 1157 breve
420 1107 448 1157 et
456 1096 557 1174 iragile
565 1108 617 1158 est.
632 1097 730 1176 ltaque
738 1097 873 1176 optimum
881 1115 1022 1177 quemque
1033 1099 1083 1156 niti
1091 1105 1119 1156 et
1127 1107 1155 1159 1o

119 1180 292 1242 contendere
302 1181 424 1241 decetut
434 1189 499 1257 post
512 1198 667 1260 sequoque
677 1179 860 1260 reipublicae
875 1182 977 1259 prosit,
992 1180 1119 1241 modera-

117 1266 203 1326 tionis
218 1265 330 1325 scilicet
349 1266 529 1343 iustitiaeque
546 1267 751 1342 monumentis,
769 1283 841 1342 quae
860 1265 980 1344 plurimu
996 1274 1119 1326 statuere

119 1348 219 1411 consul
231 1358 337 1428 potest.
353 1348 431 1410 llaec
444 1366 547 1428 nempe
557 1351 675 1410 intentio
687 1359 734 1409 tua
745 1357 775 1409 ut
784 1348 945 1410 libertatem
953 1366 1078 1409 revoces
1086 1366 1118 1408 ac

117 1435 248 1495 reducas.
258 1433 349 1508 Quem
359 1434 668 1512 ergohonoremmugis
678 1451 781 1509 amare,
790 1432 1118 1512 quoduomenusurpare

118 1520 231 1597 saepius
245 1516 334 1578 debes
349 1535 431 1597 quum
444 1517 519 1596 quod
538 1519 656 1596 primum
675 1519 780 1578 invenit
798 1526 967 1595 recuperata
982 1512 1155 1577 liberastis

117 1601 234 1663 Nonest
247 1603 338 1662 minus
351 1601 473 1662 civileet
484 1602 642 1681 principem
655 1602 870 1680 essepsriteret
880 1600 1030 1661 consulem
1039 1618 1118 1678 quarn

117 1694 222 1745 tantum
235 1685 391 1745 consulem.
405 1685 500 1746 Habes
510 1687 593 1746 etiam
599 1685 736 1746 rationem
744 1684 931 1745 verecundius
945 1684 1120 1762 collegamn

117 1778 239 1844 tuorum,
254 1768 428 1845 collegarum
436 1771 563 1848 iuquam:
579 1771 617 1830 ita
629 1771 704 1829 euim
716 1778 744 1828 et
756 1770 819 1848 ipse
829 1767 958 1847 loqueris
970 1778 1000 1828 et
1013 1785 1066 1829 nos
1078 1767 1120 1826 lo·

117 1854 164 1930 qui
178 1852 230 1911 vis.
253 1850 381 1911 Ouerosa
394 1853 447 1911 erit
458 1852 615 1913 modestiae
627 1852 740 1913 illorum
752 1854 829 1912 tertii
842 1851 1004 1913 consulatus
1017 1853 1062 1910 sui
1072 1870 1119 1910 re·

118 1934 256 2012 cordolio,
269 1935 362 1994 donec
372 1943 400 1994 te
414 1937 531 2013 saepius
543 1937 689 1998 consulem
695 1936 815 1997 videant.
826 1934 925 2014 Neque
935 1937 1010 1994 enirn
1020 1943 1119 2013 potest
1128 1943 1156 1995 20

116 2037 172 2080 non
185 2022 297 2079 nimium
308 2038 374 2080 esse
390 2021 506 2097 privatis
522 2020 597 2098 quod
612 2022 733 2100 principi
747 2021 815 2081 satis
832 2028 885 2080 est,
902 2018 1029 2097 Adnuus,
1047 2016 1119 2078 Cne-
1159 2013 1163 2024 '

116 2123 172 2181 sar,
188 2105 361 2183 optantibus,
375 2105 534 2182 quibusque
542 2103 617 2183 apud
631 2105 701 2165 deos
712 2103 815 2165 adesse
829 2105 985 2178 consuesti,
1001 2119 1119 2181 quorum

65 2191 106 2256 79
117 2198 202 2266 potes
216 2191 280 2266 ipse
296 2198 426 2248 votorum
438 2197 577 2266 conpotes
593 2187 691 2248 iacias.
715 2186 777 2248 Tibi
789 2187 913 2255 fortasse
925 2186 1047 2248 sufficiat
1062 2196 1117 2246 ter·

117 2274 170 2331 tius
193 2271 371 2332 consulatus:
398 2271 450 2332 sed
471 2272 552 2333 nohis
567 2282 644 2333 tanto
659 2272 750 2333 minus
766 2271 881 2332 suflicit.
901 2269 955 2331 llle
970 2289 1023 2331 nos
1039 2272 1118 2331 insti·

116 2357 167 2414 tuit
188 2367 217 2415 et
232 2356 337 2416 induxit
351 2365 381 2414 ut
400 2364 429 2415 te
446 2358 548 2416 iterum
563 2358 721 2434 iterumque
737 2352 883 2415 consulem
900 2354 1007 2415 habere
1023 2356 1153 2433 cupio-ii

116 2456 188 2496 mus.
217 2438 376 2498 Remissius
393 2439 467 2498 istud
484 2439 737 2517 contenderemus,
761 2441 785 2500 si
798 2438 891 2498 adhuc
908 2455 965 2498 non
980 2439 1117 2500 sciremus

116 2518 205 2597 qualis
222 2539 304 2582 esses
322 2521 441 2581 iuturus.
470 2521 659 2584 Tolerabilius
674 2523 726 2584 luit
741 2523 967 2601 experimentum
979 2523 1019 2582 tui
1032 2522 1117 2581 nohis

115 2621 199 2682 quarn
216 2621 297 2664 usum
317 2606 425 2680 negari.
457 2604 613 2667 Dabitume
628 2624 725 2667 rursus
740 2606 838 2665 videre
853 2604 1001 2666 consulem
1014 2601 1117 2664 illumi

114 2688 236 2767 Audiet,
262 2686 364 2748 reddet
385 2706 456 2767 quas
476 2692 604 2768 proxime
624 2707 730 2766 voces,
756 2690 970 2768 praestabitque
985 2688 1117 2767 gaudium

115 2782 246 2852 quantum
261 2775 325 2851 ipse
340 2770 503 2853 percipiet?
518 2773 694 2836 Praesidehit
710 2773 834 2834 laetitiae
852 2773 1002 2853 publicae,
1018 2780 1152 2834 auctorit

115 2860 320 2932 eiusetcausa,
335 2857 539 2936 temptabitque
546 2858 676 2919 adlectus
684 2867 811 2936 nostros,
826 2868 856 2918 ut
865 2857 952 2935 solet,
967 2858 1115 2933 cohibere,

115 2959 170 2999 nec
184 2938 310 3019 poterit?
332 2942 429 3019 pietati
444 2951 559 3001 senatus
576 2959 640 3001 cum
655 2941 794 3003 modestia
809 2943 947 3021 principis
962 2940 1035 3002 ielix
1050 2959 1116 3019 spe·

117 3024 282 3101 ciosumque
298 3033 457 3101 certamen,
474 3042 526 3084 seu
537 3025 622 3086 luerit
633 3027 708 3095 nictu
719 3043 771 3086 seu
786 3028 897 3086 vicerit.
919 3024 1063 3104 Equidem
1076 3026 1116 3085 in-
1192 3090 1194 3095 ,

116 3108 256 3181 cognitum
277 3107 413 3184 quandam
434 3108 620 3188 proximoque
640 3112 775 3170 maiorem
797 3123 948 3189 praesumo
972 3108 1114 3169 laetitiam.
1191 3114 1194 3159 :

115 3187 185 3261 Quis
202 3191 276 3247 enim
291 3201 336 3251 est
352 3200 408 3251 tam
421 3191 556 3251 inbecillo
567 3195 708 3271 ingenio,
734 3195 782 3274 qui
803 3213 859 3254 non
875 3203 951 3255 rsuto
967 3192 1150 3255 melioremdi
1191 3176 1194 3223 Ι

115 3270 262 3333 consulem
277 3283 374 3352 speret
389 3284 493 3353 quanto
509 3279 623 3355 saepius
638 3275 745 3340 luerit‘l
764 3277 846 3338 Alius
862 3277 994 3353 labores,
1017 3278 1114 3338 sinon
1192 3338 1194 3349 ,

115 3359 247 3417 contiuuo
260 3374 292 3418 se
306 3356 431 3418 desidiae
444 3377 478 3419 ac
489 3359 628 3438 voluptati
642 3360 779 3439 dedisset,
797 3364 855 3423 otio
869 3371 963 3423 tamen
978 3369 1008 3421 et
1018 3362 1114 3439 quiete
1192 3364 1194 3377 '

102 3449 287 3504 recreasset:
307 3440 356 3504 llic
378 3441 576 3506 consularibus
598 3447 673 3506 curis
688 3445 853 3525 exsolutus,
880 3443 1054 3525 principales
1069 3462 1113 3506 re·
