2400 3840
371 206 633 269 EPISTULARUM
647 207 724 270 vni.
747 221 772 272 5.
785 219 811 274 6·
1044 210 1104 275 157

100 359 207 420 bonum
221 368 277 420 tam
291 360 338 420 diu
352 362 456 421 tenuit:
476 360 529 421 sed
542 361 609 421 hinc
623 363 712 439 magis
733 362 920 423 exacerbatur
939 362 1016 442 quod
1039 365 1105 424 ami-

102 440 148 504 sit.
171 441 243 504 Nam
256 442 382 506 fruendis
392 442 585 523 voluptatibus
601 447 706 506 crescit
721 445 834 507 carendi
849 445 940 508 dolor.
961 444 1020 507 liro
1032 453 1129 525 ergoil

102 543 262 604 suspensus
277 543 329 606 pro
344 527 457 588 homine
473 530 660 605 amicissimo,
683 527 747 589 dum
760 527 909 591 admittere
922 540 1105 592 avocamenta

103 617 133 670 ct
149 610 311 671 cicatricem
325 613 384 690 pati
397 613 506 690 possit,
528 630 610 691 quam
629 612 698 672 nihil
714 630 806 691 aeque
821 631 855 673 ac
871 616 1031 676 necessitas
1042 615 1105 695 ipsa

77 702 133 760 net
148 693 210 755 dies
227 693 312 772 longa
326 703 356 756 et
370 697 486 756 satietas
501 693 608 773 doloris
622 695 737 757 inducit.
767 694 850 756 Vale.

577 827 627 887 vl.

367 925 394 975 (t.
413 926 539 978 PLINIUS
555 925 711 978 MONTANO
731 924 791 978 SUO
814 925 840 980 S.

27 1093 35 1101 ,
165 1026 346 1106 Cognovisse
359 1032 414 1090 iam
427 1049 464 1092 ex
479 1031 601 1112 epistula
614 1049 677 1094 mea
690 1031 781 1093 debes
794 1032 946 1093 adnotasse
957 1050 1003 1092 me
1014 1042 1129 1113 nuperl

63 1121 313 1187 romonumentum
333 1113 463 1176 Pallantis
487 1117 540 1177 sub
559 1116 613 1176 hoc
630 1117 815 1196 inscriptione
837 1115 914 1175 ‘huic
935 1125 1049 1177 senatus
1066 1116 1104 1176 ob

103 1196 190 1256 iidem
211 1198 402 1277 pietatemque
425 1215 495 1277 erga
517 1208 652 1277 patronos
670 1208 832 1260 ornamenta
845 1201 988 1278 praetoria
1002 1200 1103 1260 decre·

102 1281 143 1340 uit
160 1287 190 1340 et
204 1282 367 1340 sestertium
380 1285 490 1343 centies
505 1284 710 1361 quinquagies,
732 1285 813 1343 cuius
827 1282 936 1344 honore
951 1292 1102 1352 contentus

91 1361 178 1424 luit!
211 1362 314 1428 Postea
334 1364 401 1425 milri
421 1367 514 1426 visum
536 1375 582 1426 est
602 1366 725 1444 pretium
748 1383 854 1443 operae
874 1367 968 1442 ipsum
988 1375 1129 1426 senatusl

104 1445 266 1509 consultum
289 1466 436 1525 quaerere.
463 1448 562 1509 iuveni
582 1458 638 1508 tam
659 1450 807 1528 copiosum
824 1457 854 1508 et
869 1448 990 1508 effusum
1009 1457 1040 1508 ut
1055 1448 1104 1508 ille

60 1544 94 1598 15
103 1530 324 1610 superbissimus
336 1531 433 1592 titulus
449 1532 578 1594 modicus
593 1531 686 1611 adque
698 1533 782 1593 etiam
793 1530 934 1592 demissus
945 1531 1104 1592 rideretur:

103 1613 308 1692 conseruntque
323 1635 374 1693 se,
389 1633 446 1677 non
461 1616 526 1676 dico
541 1614 583 1675 illi
596 1626 730 1693 veteres,
745 1614 886 1691 Africani,
899 1613 1028 1693 Achaici,
1045 1614 1103 1675 Nu·

102 1700 227 1777 mantini,
240 1698 292 1759 sed
304 1699 333 1759 hi
345 1701 480 1777 proximi,
496 1698 592 1776 Marii,
608 1699 715 1776 Sullae,
732 1699 871 1778 Pompeii,
885 1696 953 1758 nolo
967 1698 1104 1777 progredi

102 1781 232 1860 longius;
251 1781 321 1842 inira
331 1782 464 1844 Pallantis
478 1782 577 1845 laudes
592 1784 734 1844 iacebunt.
762 1783 891 1843 Urbanos
907 1783 954 1860 qui
968 1781 1017 1843 illa
1034 1787 1130 1843 cen-3

102 1873 221 1925 suerunt
238 1874 333 1941 putem
346 1883 381 1926 an
397 1863 539 1929 miseros?
560 1866 695 1928 Dicerem
711 1867 850 1941 urbanos,
873 1868 898 1927 si
909 1876 1037 1927 senatum
1053 1867 1103 1927 de-

60 1957 184 2013 deceret
206 1948 361 2019 urbanitas;
381 1952 518 2028 miseros,
542 1949 594 2012 sed
610 1966 693 2010 nemo
714 1959 770 2010 tam
784 1951 931 2010 miserest
945 1958 975 2009 ut
991 1949 1039 2008 illa
1054 1968 1103 2009 co·

102 2040 194 2110 gutur.
225 2031 349 2092 Ambitio
370 2050 440 2110 ergo
456 2043 486 2094 et
500 2032 676 2112 procedendi
690 2031 794 2093 libido:
815 2030 868 2092 sed
884 2034 947 2110 quis
964 2032 1035 2092 adeo
1053 2032 1103 2092 de·

102 2133 183 2177 mens
198 2125 229 2174 ut
245 2133 298 2194 per
319 2111 416 2193 suum,
437 2134 491 2194 per
509 2115 654 2195 publicum
675 2115 802 2175 dedecus
813 2115 974 2192 procedere
991 2114 1062 2174 velit
1075 2117 1104 2174 in

104 2217 139 2260 ca
160 2201 272 2260 ciuitate
299 2201 398 2277 inqua
417 2199 464 2259 lric
485 2209 565 2260 esset
587 2217 655 2261 usus
676 2199 893 2259 florentissimae
910 2196 1052 2274 dignitatis
1073 2206 1104 2256 ut

102 2285 210 2362 primus
230 2284 259 2341 in
280 2293 379 2343 senatu
398 2282 512 2344 laudare
533 2281 686 2344 Pallantem
705 2278 827 2363 posset?
848 2281 930 2342 Mitto
952 2281 1028 2359 quod
1043 2280 1129 2346 Pal-l

62 2367 170 2429 dolenti
187 2383 272 2426 servo
288 2368 428 2444 praetoria
442 2375 603 2427 ornamenta
623 2366 793 2435 offeruntur3
819 2368 925 2444 quippe
947 2366 1104 2427 offeruntur

102 2451 243 2511 acervis:
264 2452 343 2510 mitto
365 2450 441 2530 qnod
463 2459 582 2512 censent
601 2467 658 2510 non
678 2449 880 2511 exhortandum
899 2449 984 2510 modo
1004 2466 1103 2509 rerum

103 2534 187 2594 etiam
205 2533 432 2613 compellendum
451 2534 486 2594 ad
505 2552 587 2596 usum
607 2551 755 2596 aureorum
769 2532 929 2603 anulorum;
952 2535 1103 2595 eratenim

104 2625 203 2676 contra
217 2619 392 2678 maiestatem
407 2627 537 2698 senatus,
555 2620 578 2679 si
593 2618 695 2680 ferreis
708 2618 867 2699 praetorius
883 2625 1019 2677 uteretur.
1048 2615 1128 2679 Ire-5

102 2701 147 2760 via
160 2701 234 2760 haec
251 2709 280 2759 et
293 2701 475 2772 transeunda;
495 2700 543 2763 illa
558 2702 754 2779 memoranda,
778 2701 854 2781 quod
869 2702 981 2760 nomine
993 2698 1101 2759 Pallan·

60 2784 140 2851 notis
156 2791 283 2861 senatus,
299 2804 354 2845 nec
368 2789 480 2864 expiata
495 2796 597 2864 postea
615 2789 692 2846 curia
706 2795 762 2862 est,
779 2784 911 2845 Pallantis
926 2783 1039 2841 nominc
1055 2799 1102 2839 se·

102 2875 183 2927 notus
205 2869 308 2942 gratias
329 2870 386 2946 agit
406 2866 521 2930 Caesari
543 2869 624 2948 ,quod
645 2877 674 2928 et
695 2870 758 2945 ipse
779 2885 842 2926 cum
865 2881 972 2925 summo
992 2863 1101 2924 honore

102 2949 273 3009 mentionem
288 2953 350 3011 eius
364 2962 534 3030 prosecutus
550 2961 630 3012 esset
641 2960 670 3011 et
682 2950 791 3010 senatui
805 2947 968 3008 facultatem
981 2947 1102 3007 iecisset

102 3033 225 3094 testandi
240 3051 309 3112 erga
324 3052 388 3094 eum
397 3033 629 3095 beniuolentiam.
651 3031 727 3106 Quid
743 3033 817 3092 enirn
831 3031 940 3090 senatui
954 3029 1129 3109 pulchrius6

104 3134 187 3195 quam
206 3124 237 3175 ut
258 3135 327 3194 erga
350 3116 501 3177 Pallantem
521 3119 589 3177 satis
612 3126 708 3195 gratus
728 3108 893 3174 videretur?
918 3112 1037 3175 Additur
1059 3120 1102 3174 ‘ut

63 3207 96 3261 35
105 3198 209 3276 Pallas,
230 3202 275 3260 cui
299 3220 332 3261 se
349 3219 447 3261 omnes
461 3217 514 3277 pro
531 3200 605 3261 virili
619 3209 700 3279 parto
722 3197 864 3275 obligatos
883 3197 1022 3275 fatentur,
1046 3198 1102 3258 sin·

104 3282 211 3360 gularis
232 3283 315 3360 lidei,
338 3283 488 3361 singularis
509 3283 661 3343 industriae
677 3282 799 3341 fructum
813 3282 993 3343 meritissimo
1006 3281 1100 3340 ierat’

103 3364 233 3427 Prolatos
248 3367 360 3445 imperii
372 3368 461 3444 lines,
483 3366 610 3426 redditos
631 3365 772 3425 exercitus
788 3366 831 3426 rei
845 3365 977 3442 publicae
991 3363 1101 3424 credas.

104 3449 266 3510 Adstruitur
276 3450 318 3509 his
334 3454 410 3509 ‘cum
421 3451 530 3511 senatui
539 3447 704 3530 populoque
714 3445 839 3508 Romano
850 3447 1026 3510 liberalitatis
1038 3450 1126 3523 gra-7
