2400 3840
85 163 146 230 188
508 160 541 223 G.
563 158 658 221 PblNl

84 315 212 396 profero,
233 315 399 392 praesertim
410 312 485 392 apud
499 323 539 391 te,
557 315 603 391 qui
615 329 669 373 nec
684 311 771 374 ullius
785 312 898 372 invides
916 309 1048 372 laudibus
1064 320 1090 372 et
1156 354 1161 373 .

85 401 166 460 laves
181 401 295 460 nostris.
328 397 409 458 Vale.
1157 376 1163 467 l

609 527 646 589 ll.

345 628 371 680 0.
391 627 515 680 rutulus
527 528 705 678 ffiumn'o
723 623 783 674 SUO
805 621 833 677 S.
1099 655 1113 706 5

61 742 75 794 1
148 733 339 794 benefecisti
360 732 436 812 quod
456 731 589 792 libertum
603 727 753 809 aliquando
769 726 819 786 tibi
838 744 939 786 cerum
953 727 1088 787 reducen-

86 817 163 880 tibus
181 816 314 898 epistulis
336 817 450 878 maisin
467 815 596 893 domum,
618 814 780 874 inanimum
799 811 950 890 recepisti.
985 810 1089 870 luvebit
1133 839 1135 844 ·

86 901 143 963 hoc
158 912 202 963 te:
216 920 262 961 me
274 910 354 961 certe
365 901 455 968 iuvet;
473 901 603 977 primum,
620 897 696 976 quod
707 906 736 956 te
747 904 801 955 tam
813 893 998 956 tractabilem
1008 895 1090 955 video

87 992 117 1044 ut
131 986 159 1044 in
173 987 214 1044 ira
230 985 293 1061 regi
310 984 423 1063 possis,
445 982 564 1060 deinde,
588 982 666 1060 quod
679 989 782 1040 tantum
795 978 864 1037 mibi
880 977 986 1039 tribuis
1000 988 1031 1039 ut
1045 977 1090 1039 vel

87 1069 245 1128 auctoritati
260 1084 341 1128 meae
354 1084 454 1146 pareas
467 1065 515 1125 vel
531 1065 665 1144 precibus
680 1062 836 1141 indulgeas.
857 1060 951 1140 Igitur
964 1062 1048 1122 leudo
1064 1067 1125 1123 etit

87 1152 192 1228 gratias
209 1167 273 1228 ago.
293 1149 383 1210 Simul
397 1152 425 1210 in
440 1157 586 1228 posterum
600 1165 704 1209 moneo
718 1157 748 1208 ut
761 1156 791 1208 te
806 1146 956 1224 erroribus
971 1156 1092 1225 tuorum,

89 1235 143 1294 etsi
159 1251 214 1295 nou
227 1233 312 1295 fuerit
324 1236 372 1313 qui
387 1234 569 1313 deprecetur,
585 1231 755 1311 placabilem
769 1239 913 1309 praestes.
948 1230 1033 1292 Vale.

542 1366 630 1429 XXV.

340 1463 833 1519 c.1>n1n1usnnu1n1nnosuos.
1060 1431 1064 1437 ’
1101 1487 1126 1541 15

65 1581 78 1631 l
150 1569 287 1642 Quereris
309 1569 344 1628 de
366 1570 447 1630 turba
471 1570 655 1630 castrensium
677 1567 874 1646 negotiorum,
900 1575 930 1626 et
956 1575 1093 1644 tamquam

90 1669 198 1712 summo
214 1653 272 1711 otio
294 1650 458 1728 perfruere,
483 1651 562 1712 lusus
581 1662 610 1712 et
625 1653 746 1730 ineptias
760 1659 875 1711 nostras
890 1649 967 1727 logis
977 1687 993 1728 ,ι
1006 1666 1093 1728 arnas,

90 1733 217 1809 flagitas,
241 1750 344 1812 meque
364 1733 398 1792 ad
419 1732 520 1794 similia
541 1734 687 1796 condenda
706 1753 762 1795 nou
777 1733 971 1794 ‚mediocriter
985 1735 1092 1794 incitas.

63 1813 200 1893 alncipio
216 1817 289 1876 enim
310 1833 347 1876 ex
367 1817 423 1878 hoc
442 1834 551 1894 genere
571 1819 727 1880 studiorum
746 1834 802 1878 non
817 1816 912 1878 solum
927 1816 1093 1879 oblectatio-

88 1916 154 1959 nem
167 1917 266 1960 verum
283 1901 366 1961 etiem
382 1900 501 1979 gloriam
515 1911 617 1981 petere
632 1913 699 1983 post
714 1902 847 1963 iudicium
857 1910 947 1979 tuum,
966 1903 1020 1961 viri
1030 1911 1130 1978 gra-20

62 1985 213 2063 itvissimi,
233 1985 430 2064 eruditissimi,
446 2003 482 2046 ac
497 1988 653 2065 superista
668 1986 819 2048 verissimi.
838 1983 923 2045 Nunc
938 2003 985 2046 me
1000 2002 1094 2046 rerum

89 2076 169 2130 actus
190 2069 303 2131 modice
325 2070 377 2131 sed
396 2080 489 2131 tamen
510 2070 675 2148 destringit;
697 2087 754 2148 quo
775 2068 853 2128 linito
868 2068 976 2148 aliquid
995 2087 1093 2129 earun-

90 2152 154 2212 dem
176 2153 359 2215 Camenarum
379 2156 408 2215 in
430 2155 513 2215 istum
534 2155 766 2231 benignissimum
785 2153 878 2212 sinum
897 2154 1013 2213 mittam.
1053 2151 1094 2211 'lu

89 2237 265 2313 passerculis
286 2249 316 2299 et
338 2237 507 2299 columbulis
526 2239 631 2299 nostris
652 2240 727 2298 iuter
749 2234 857 2315 aquilas
872 2246 992 2299 ‘uestras
1015 2237 1094 2298 dabis

89 2337 209 2396 pennas,
226 2323 250 2381 si
266 2330 358 2381 tamen
373 2331 403 2382 et
417 2321 472 2382 sibi
487 2331 517 2382 et
530 2322 581 2382 tibi
594 2321 761 2400 placebunt:
777 2321 801 2381 si
816 2329 925 2381 tantum
943 2322 1011 2400 sibi,
1027 2333 1130 2386 con-lt

89 2401 220 2463 tinendos
234 2422 321 2464 cavea
337 2405 441 2465 nidove
457 2406 579 2466 curabis.
609 2404 690 2466 Vale.

591 2535 640 2596 Vl.

358 2634 384 2685 c.
407 2537 696 2688 nnnusxndnnnco
715 2634 775 2687 suo
792 2635 818 2686 S.

64 2747 79 2797 1
151 2735 215 2796 Dixi
238 2736 273 2799 de
293 2737 415 2816 quodum
436 2746 549 2799 oratore
569 2735 676 2798 saeculi
698 2738 806 2815 nostri,
827 2744 911 2798 recto
934 2739 1051 2818 quidem
1067 2743 1134 2800 otto

90 2835 171 2898 seno,
186 2821 238 2881 sed
249 2840 347 2900 parum
360 2820 458 2899 grandi
470 2832 500 2882 ct
512 2830 622 2898 ornato,
634 2829 664 2880 ut
677 2822 788 2898 opinor,
804 2829 870 2899 apte
884 2822 967 2882 ‘nibil
979 2833 1095 2904 peccat,

62 2902 142 2962 bnisi
158 2904 234 2980 quod
250 2906 319 2966 nibil
334 2911 459 2984 peccet?
481 2904 577 2965 Debet
590 2905 664 2964 euim
680 2913 775 2965 orator
789 2905 872 2982 erigi,
889 2905 994 2985 attolli,
1010 2909 1096 2967 inter·

90 2978 155 3038 dum
170 2988 253 3045 etiam
268 2989 480 3066 effervescere,
504 2987 618 3063 efferri,
642 3005 676 3047 ac
698 3004 787 3065 saepe
803 2987 947 3049 accedere
964 2991 1000 3051 ad
1014 3009 1096 3071 prae·

90 3079 171 3139 ceps.
193 3065 263 3126 Nam
278 3071 446 3150 plerumque
459 3071 523 3131 altis
535 3078 564 3128 et
576 3068 701 3129 excelsis
717 3069 846 3131 adiacent
858 3071 995 3152 abrupta:
1009 3077 1095 3136 tutius

90 3161 143 3222 per
153 3145 236 3224 plana
251 3153 304 3212 ed
314 3154 447 3215 humilius
464 3163 494 3214 et
506 3153 672 3230 depressius
687 3154 756 3212 iter:
779 3152 961 3232 frequentior
979 3168 1135 3222 curren-3⁵

89 3229 164 3290 tibus
183 3248 264 3307 quam
286 3239 460 3312 reptantibus
476 3236 592 3314 lapsus,
616 3232 667 3291 sed
688 3233 732 3294 bis
752 3253 808 3296 non
829 3237 993 3302 labentibus
1008 3242 1094 3319 nulla,

61 3307 145 3368 3illis
159 3331 217 3372 non
236 3313 313 3374 nulla
333 3317 409 3395 laus,
434 3320 542 3380 etiarnsi
563 3315 702 3375 labantur.
733 3317 803 3378 Nam
818 3329 848 3379 ut
864 3322 1002 3401 quasdam
1020 3337 1096 3387 artes

89 3387 127 3448 ita
139 3392 330 3474 eloquentiam
343 3401 410 3460 nihil
426 3403 515 3479 magis
531 3416 613 3479 quam
628 3400 759 3475 ancipitia
775 3406 982 3468 commendant.
1006 3408 1095 3472 Vides
