2400 3840
303 196 569 260 urrs'rnmnuu
583 206 729 263 m-ro.
742 203 909 278 tro-aen
1040 200 1103 265 225

94 352 164 413 tium
188 349 320 411 mitteret.
354 350 474 429 Dispice
495 371 530 413 an
552 355 636 414 etiam
656 350 863 432 Iuliopolitanis
885 352 969 414 simili
991 355 1131 428 rationep

97 433 302 495 consulendum
316 443 413 513 putes,
431 453 550 514 quorum
566 438 677 512 civitas,
696 454 759 496 cum
773 437 811 497 sit
821 437 997 516 perexigua,
1015 454 1103 497 onera

97 519 215 578 maxima
230 519 351 578 sustinet
364 528 501 598 tantoque
515 522 664 597 graviores
678 520 792 580 iniurias
806 529 910 599 quanto
925 530 955 581 et
969 521 1105 581 infirmior

98 603 212 678 patitur.
242 600 385 680 Quidquid
405 612 500 663 autem
522 603 945 683 Iuliopolitanis‘praestiteris,
969 604 998 665 id
1020 606 1129 676 etiam3

72 687 151 747 5toti
173 685 338 764 provinciae
358 684 495 765 proderit.
529 687 601 748 Sunt
621 687 743 748 enimin
766 688 861 764 capite
877 686 1025 762 Bithyniae
1040 687 1102 765 plu·

97 770 234 847 rimisque
248 787 302 848 per
316 787 378 830 eam
394 772 616 832 commeantibus
631 771 778 831 transitum
792 769 941 849 praebent.

433 899 765 983 txxvtll.[Lxxxtt.]

428 1001 591 1053 TRAIANUS
617 1002 722 1054 PLINIO
746 1001 772 1053 S.

57 1119 90 1172 10
157 1101 199 1161 Ea
220 1103 344 1164 conditio
366 1113 411 1164 est
434 1102 555 1167 civitatis
574 1104 772 1180 Byzantiorum
794 1104 955 1166 confluente
976 1105 1126 1185 undiquel

97 1189 125 1246 in
142 1204 204 1246 eam
219 1188 434 1249 commeantium
448 1189 530 1249 turba
544 1197 575 1249 ut
594 1190 750 1250 secundum
772 1187 1005 1255 consuetudinem
1020 1208 1103 1269 prae·

99 1269 260 1330 cedentium
279 1280 437 1350 temporum
457 1271 612 1333 honoribus
633 1274 695 1332 eins
710 1273 853 1352 praesidio
871 1274 1042 1334 centurionis
1059 1271 1101 1334 le·

97 1355 216 1431 gionarii
232 1354 436 1417 consulendum
450 1354 641 1417 babuerimus.
664 1355 701 1416 Si
711 1355 917 1434 Iuliopolitanis
932 1372 1102 1415 succurren-

98 1436 163 1497 dum
179 1437 282 1498 eodem
295 1438 379 1498 modo
395 1440 599 1517 putaverimus,
615 1439 794 1499 onerabimus
808 1455 861 1500 nos
876 1438 1024 1517 exemplo:
1038 1439 1128 1518 plu-2

57 1529 89 1580 15
98 1540 147 1584 res
162 1524 247 1601 enim,
264 1530 293 1582 et
309 1531 411 1601 quanto
428 1522 596 1583 infirmiores
612 1531 710 1600 erunt,
731 1520 806 1582 idem
820 1528 930 1599 petent.
959 1521 1103 1582 Fiduciam

99 1605 261 1684 diligentiae
282 1612 356 1671 snae
376 1605 469 1666 babeo
485 1615 517 1666 ut
538 1605 650 1665 credam
665 1613 694 1665 te
709 1607 784 1665 omni
803 1602 912 1666 ratione
930 1605 959 1665 id
976 1615 1103 1666 acturum

98 1708 134 1749 ne
157 1691 213 1750 sint
233 1690 347 1749 obnoxii
366 1691 484 1750 iniuriis.
514 1689 545 1750 Si
565 1690 612 1768 qui
633 1698 728 1750 autem
750 1708 783 1750 ss
807 1697 904 1749 contra
926 1687 1129 1768 disciplinans

98 1791 189 1832 meam
209 1775 369 1852 gesserint,
398 1775 492 1835 statim
513 1779 716 1843 coerceantun
741 1782 788 1833 aut
809 1776 834 1834 si
855 1772 918 1850 plus
938 1772 1101 1834 admiserint

100 1875 183 1934 quam
196 1867 226 1917 nt
242 1859 270 1917 in
284 1875 315 1917 re
333 1859 478 1936 praesenti
492 1859 559 1919 satis
576 1859 736 1936 puniantur,
752 1859 777 1918 si
792 1856 896 1918 milites
912 1867 1004 1936 erunt,
1021 1857 1101 1935 loga·

57 1943 135 2002 totis
155 1958 342 2019 eorumquae
362 1940 586 2019 deprehenderis
605 1951 702 2000 notum
722 1940 825 2010 lacies;
846 1949 893 2000 aut
914 1942 939 2000 si
960 1942 988 1999 in
1002 1941 1102 2000 urbem

97 2042 200 2085 versus
214 2026 325 2084 venturi
339 2032 432 2101 erunt,
446 2024 513 2083 mihi
528 2025 648 2084 scribes.

413 2155 580 2220 uxxvnn.
602 2153 778 2235 [uxxxtn]

314 2257 341 2310 C.
362 2256 487 2308 PLINIUS
504 2257 650 2308 TRAIANO
669 2253 878 2306 IMPERATORI.

56 2377 89 2428 25
161 2358 280 2421 Cautum
301 2370 363 2438 est,
383 2360 511 2437 dominc,
534 2359 669 2439 Pompeia
689 2358 774 2439 lege,
797 2377 869 2438 quae
888 2358 1016 2434 Bithynis
1039 2358 1128 2425 datal

100 2454 162 2522 est,
186 2463 223 2504 ne
243 2446 307 2523 quis
328 2446 419 2524 capiat
436 2446 629 2522 magistratum
646 2462 721 2504 neve
742 2444 779 2505 sit
793 2446 821 2503 in
836 2452 934 2504 senatu
948 2444 1040 2504 minor
1054 2461 1102 2503 an·

97 2546 197 2587 norum
213 2530 336 2606 triginta.
368 2528 476 2589 Eadem
492 2528 559 2607 lege
582 2527 811 2608 conprehensum
829 2537 873 2588 est
895 2528 993 2605 utqui
1014 2545 1101 2606 cepe·

97 2613 152 2670 rint
178 2614 371 2689 magistratum
396 2615 451 2674 sint
476 2615 505 2673 in
525 2622 636 2674 senatu.
666 2612 803 2674 Secutum
824 2621 870 2673 cst
893 2611 958 2670 dein
979 2610 1130 2674 edictumt

100 2693 155 2753 divi
169 2695 309 2774 Augusti,
331 2715 387 2776 quo
403 2699 532 2777 permisit
551 2698 674 2758 minores
688 2698 870 2774 magistratus
887 2695 921 2754 ab
938 2695 1017 2754 annis
1033 2692 1102 2754 duo·

57 2787 92 2840 30
100 2778 153 2838 bus
176 2787 204 2838 et
221 2780 321 2856 viginti
343 2799 458 2861 capere.
492 2779 643 2854 Quaeritur
662 2798 734 2857 ergo
758 2797 794 2839 an
815 2781 862 2857 qui
882 2778 972 2836 minor
991 2777 1130 2853 trigintaa

99 2879 233 2923 annorum
260 2865 351 2939 gessit
377 2866 555 2941 magistratus
581 2866 674 2941 possit
694 2881 710 2922 a
731 2861 899 2922 censoribus
924 2860 954 2919 in
975 2869 1102 2920 senatum

98 2946 177 3024 legi,
193 2955 222 3006 et
242 2950 266 3006 si
281 2955 395 3023 potest,
416 2964 451 3005 an
465 2947 485 3005 ii
500 2963 615 3025 qnoque
630 2947 678 3024 qui
694 2961 751 3005 non
764 2946 910 3023 gesserint
924 2945 1036 3022 possint
1050 2961 1104 3023 per

77 3030 218 3108 veandem
240 3031 501 3108 interpretationem
523 3029 558 3089 ab
577 3048 610 3089 ea
630 3038 724 3090 aetate
744 3037 893 3091 senatores
920 3026 979 3105 legi
1005 3045 1021 3086 a
1048 3046 1103 3106 qua

99 3113 155 3174 illis
175 3115 367 3190 magistratum
387 3132 492 3192 gerere
513 3114 682 3192 permissum
701 3123 759 3183 est;
784 3112 861 3191 quod
874 3111 979 3190 alioqui
993 3110 1103 3173 factita-

56 3207 157 3263 35tum
172 3196 265 3257 adbuc
282 3208 311 3257 et
326 3216 393 3259 esse
408 3200 603 3259 necessarium
618 3197 735 3275 dicitnr,
754 3199 819 3276 quia
836 3197 872 3257 sit
885 3195 1028 3274 aliquanto
1042 3213 1103 3255 mc·

99 3281 153 3343 llus
169 3282 353 3342 bonestorum
374 3281 516 3341 hominum
530 3281 638 3343 liberos
655 3300 738 3361 quam
753 3300 771 3341 e
785 3279 873 3360 plebe
891 3281 920 3340 in
933 3281 1038 3340 cumam
1053 3279 1101 3339 ad·

99 3367 179 3426 mitti.
208 3364 274 3443 Ego
290 3384 307 3426 a
321 3366 468 3426 destinatis
485 3367 652 3426 censoribus
666 3365 733 3444 quid
750 3366 886 3427 sentirem
899 3366 1129 3440 interrogatum

101 3467 152 3510 eos
170 3450 284 3527 quidem
299 3453 347 3530 qui
368 3451 492 3510 minores
513 3452 627 3528 triginta
641 3451 720 3512 annis
735 3451 900 3530 gessissent
911 3448 1117 3591 segestrum

136 3539 212 3593 Pnun
228 3538 278 3593 En.
970 3572 984 3596 J
