2400 3840
109 171 172 234 290
535 168 568 230 C.
589 168 685 230 PLlNl

111 346 163 408 par
178 324 308 403 capiendi
324 323 536 403 quaerendique
556 322 643 382 sudor
659 340 841 401 summusque
857 333 886 384 et
900 323 974 383 idem
990 325 1112 403 gratissi·

111 430 173 472 mus
188 409 268 469 labor
283 409 421 468 inuenire.
444 406 615 484 Enimvero,
632 407 656 468 si
673 407 783 487 quando
798 407 906 487 placuit
920 407 997 468 idem
1011 426 1111 488 corpo-

111 497 150 555 ris
170 493 258 554 robur
279 494 307 552 iu
326 492 412 551 maria
431 490 579 570 prolerre,
596 509 652 551 non
666 489 717 550 ille
733 491 870 552 fluitantia
884 491 950 552 uela
961 502 1010 553 aut
1025 493 1112 553 oculis

111 579 240 657 sequitur
260 585 308 638 aut
327 576 473 653 manibus,
500 575 553 636 sed
573 593 647 636 nunc
667 574 870 653 gubernaculis
887 575 1014 655 adsidet,
1043 595 1113 637 nuuc

112 680 175 722 com
187 660 381 722 valentissimo
395 676 508 738 quoque
525 658 663 721 sodalium
678 668 768 720 certat
782 659 916 737 frangere
935 660 1052 738 ductus,
1067 660 1135 720 dot

112 748 210 807 mitare
228 754 331 806 ventos
353 743 528 804 reluctantes
544 744 687 822 remisque
700 742 857 804 transsilire
874 744 1015 804 obstantia
1030 744 1111 805 freta:

61 840 101 904 82
114 840 246 910 quantum
268 827 411 890 dissimilis
433 827 473 887 illi
495 827 542 905 qui
563 845 619 887 non
640 825 740 886 Albani
761 826 841 887 lacus
862 829 948 887 odum
963 827 1112 907 Baianique

113 925 258 994 torporem
280 922 308 972 et
328 912 470 972 silentium
487 910 581 988 ferre,
604 929 660 971 non
676 910 789 990 pulsum
803 909 904 972 saltem
915 911 1112 991 fragoremque

111 1016 251 1059 remorum
267 998 379 1075 perpeti
396 1005 507 1073 poterat
520 997 587 1073 quin
597 995 632 1055 ad
646 992 774 1072 singulos
788 996 863 1056 ictus
877 997 953 1075 turpi
967 995 1113 1056 formidine

112 1079 310 1141 horresceret!
339 1079 439 1157 ltaque
453 1077 557 1156 procul
572 1080 607 1138 ab
623 1080 697 1139 omui
712 1095 785 1139 sono
800 1081 990 1139 inconcussus
1006 1081 1070 1160 ipse
1086 1088 1149 1141 etio

111 1166 250 1239 inmotus,
266 1160 387 1238 religato
405 1164 592 1241 revinctoque
606 1163 736 1240 navigio,
753 1179 809 1222 non
824 1180 911 1223 secus
927 1181 960 1223 ac
974 1162 1115 1242 piaculum

111 1245 226 1325 aliquod
241 1245 412 1306 trahebatur.
433 1244 531 1306 Foeda
544 1246 652 1324 iacies,
669 1263 733 1306 oum
748 1246 849 1325 populi
862 1245 982 1306 Romani
996 1250 1113 1326 impera·
1160 1279 1180 1296 .-

112 1341 157 1392 tor
177 1331 298 1392 alienum
319 1349 432 1391 cursum
452 1328 633 1409 alienumque
650 1339 811 1406 rectorem,
836 1328 917 1391 velut
935 1340 1018 1409 capta
1031 1350 1112 1408 nave,

112 1425 292 1494 sequeretur.
321 1414 384 1476 Nec
404 1414 584 1476 deformitate
600 1415 653 1475 ista
668 1412 770 1475 saltem
785 1413 897 1474 flumina
912 1415 1062 1485 carebant;
1076 1423 1115 1475 at·

47 1541 50 1547 -
112 1518 169 1578 que
187 1501 270 1560 etiam
290 1499 436 1560 Danubius
453 1517 488 1560 ac
501 1498 619 1558 Rhenus
640 1507 746 1558 tautum
765 1497 835 1559 illud
853 1501 944 1559 nostri
965 1498 1114 1560 dedecoris
1125 1503 1151 1558 15

110 1584 218 1644 uehere
232 1583 408 1661 gaudebant,
422 1601 478 1642 non
489 1583 597 1642 minore
611 1599 674 1642 cum
688 1581 798 1661 pudore
810 1583 937 1661 imperii,
954 1582 1031 1661 quod
1046 1582 1115 1642 haec

111 1667 254 1727 Romanae
268 1666 397 1745 aquilae,
413 1666 538 1728 Romana
552 1667 650 1744 signa,
662 1665 790 1727 Romana
800 1665 924 1745 denique
940 1668 1017 1745 ripa,
1034 1683 1114 1744 quarn

111 1749 188 1829 quod
202 1749 325 1810 hostium
339 1759 557 1829 prospectaret,
579 1749 717 1827 hostium,
734 1750 836 1827 quibus
851 1749 938 1809 moris
955 1759 1001 1810 est
1017 1749 1114 1810 eadem

110 1834 159 1893 illa
175 1851 249 1892 nuno
261 1835 380 1910 rigentia
394 1832 462 1911 gelu
478 1833 590 1893 flumina
603 1843 651 1894 aut
664 1834 771 1912 campis
786 1833 937 1911 superfusa
946 1852 1021 1892 nunc
1032 1832 1115 1910 liqui·

111 1916 146 1976 da
161 1935 195 1978 ac
212 1915 368 1978 deferentia
381 1916 502 1979 lustrare
512 1918 630 1995 navigiis
643 1917 793 1996 nandoque
804 1935 950 1997 superare.
968 1915 1032 1976 Nec
1044 1925 1153 1976 ceroto

111 2001 282 2062 laudaverim
299 2020 353 2079 per
372 2021 405 2063 se
424 2019 527 2079 magno
544 2019 633 2081 opere
651 2002 778 2062 duritiam
794 2002 923 2080 corporis
937 2017 972 2062 ac
991 1999 1115 2060 lacerto·

111 2104 186 2145 rum:
206 2085 257 2145 sed
280 2087 304 2146 si
319 2085 362 2144 his
376 2084 498 2146 validior
511 2095 572 2146 toto
589 2102 713 2163 corpore
728 2087 835 2159 animus
853 2085 1015 2164 imperitet,
1031 2101 1115 2162 quem

111 2187 168 2229 non
183 2169 314 2230 lomunae
328 2169 502 2246 indulgentia
515 2169 639 2247 molliat,
655 2187 710 2229 uon
725 2170 826 2248 copiae
839 2167 1013 2247 principales
1024 2169 1060 2229 ad
1070 2187 1114 2229 se·

111 2254 227 2331 gnitiem
249 2252 403 2331 luxumque
423 2253 626 2332 detorqueant,
652 2262 720 2313 tunc
736 2271 809 2331 ego,
838 2271 891 2314 seu
906 2254 1049 2314 montibus
1064 2269 1114 2312 seu

110 2338 179 2396 mari
192 2345 380 2415 exerceatur,
403 2347 432 2398 et
446 2335 550 2398 laetum
566 2354 655 2416 opere
671 2354 776 2415 corpus
794 2344 824 2396 et
839 2338 999 2397 crescentia
1013 2335 1152 2397 labori-25

111 2421 164 2480 bus
185 2422 310 2480 membra
326 2420 457 2481 mirabor.
489 2420 580 2481 Video
596 2422 670 2482 enim
686 2421 740 2482 iam
753 2420 818 2480 iude
831 2420 985 2498 antiquitus
1001 2420 1113 2479 maritos

111 2501 225 2562 dearum
245 2521 279 2561 ac
301 2502 419 2562 deorum
433 2503 542 2565 liberos
555 2551 561 2564 .
572 2552 578 2564 .
589 2547 611 2565 ..
628 2522 683 2567 nec
698 2505 835 2582 dignitate
851 2498 1011 2583 nuptiarum
1025 2503 1113 2580 magis

111 2602 193 2665 pam
209 2584 252 2644 his
267 2585 372 2646 artibus
387 2586 565 2649 inclaruisse.
585 2588 672 2648 Simul
689 2590 797 2666 cogito,
815 2604 879 2647 cum
893 2589 948 2647 sint
962 2590 1018 2649 ista
1031 2586 1113 2646 ludus

110 2679 140 2730 et
154 2678 367 2730 avocamentum
386 2669 485 2747 buius,
577 2670 644 2733 illae
659 2673 752 2732 seriae
771 2682 800 2732 et
814 2673 956 2748 intentae,
980 2679 1010 2732 et
1024 2689 1040 2731 a
1056 2671 1114 2750 qui-

110 2754 163 2816 bus
178 2773 211 2815 se
226 2755 254 2813 in
266 2752 323 2815 tale
336 2756 424 2814 otium
436 2756 547 2834 recipit.
569 2755 741 2834 Voluptates
755 2765 820 2816 sunt
834 2756 924 2833 enim,
940 2754 1112 2834 voluptates,
1121 2763 1152 2818 30

109 2839 212 2917 quibus
227 2840 333 2916 optime
347 2838 383 2899 de
394 2841 531 2918 cuiusque
543 2841 682 2917 gravitate
696 2839 845 2900 sanctitate
858 2840 1045 2918 temperantia
1052 2856 1113 2899 ore·

110 2922 192 2982 ditur.
215 2921 285 2981 llam
303 2924 366 3002 quis
382 2923 455 2983 adeo
471 2922 627 2984 dissolutus
644 2925 723 2983 cuius
738 2939 795 2982 non
812 2922 1050 3001 occupationibus
1065 2920 1113 2981 ali·

111 3023 165 3083 qua
180 3007 296 3083 species
311 3008 471 3066 severitatis
486 3003 626 3068 insideat?
642 3006 707 3067 0tio
720 3008 873 3084 prodimur.
894 3007 940 3067 An
953 3024 1011 3067 non
1027 3005 1113 3085 pleri·

110 3107 166 3168 que
181 3089 327 3168 principes
345 3089 401 3149 hoc
416 3089 491 3150 idem
507 3098 620 3169 tempus
641 3092 669 3149 in
684 3089 774 3151 aleam
790 3100 888 3170 stupra
903 3090 1001 3150 luxum
1016 3088 1114 3150 conie-

109 3172 226 3248 rebaut,
256 3190 320 3231 cum
345 3174 481 3233 seriarum
509 3171 666 3234 laxamenta
693 3192 823 3236 curamm
843 3176 976 3235 vitiorum
996 3179 1150 3235 conten-ao

58 3259 99 3322 83
111 3255 187 3317 tione
203 3253 392 3334 supplerent?
413 3255 505 3317 llabet
519 3257 574 3318 hoc
588 3259 707 3337 primum
718 3276 817 3337 magna
828 3257 940 3320 iomuua
955 3258 1031 3336 quod
1045 3255 1112 3315 nibil

110 3350 232 3417 tectum,
248 3338 316 3400 nihil
332 3338 475 3401 occultum
486 3359 554 3402 esse
564 3343 684 3420 patitur:
700 3345 858 3421 principum
872 3359 942 3403 vero
957 3359 1014 3403 non
1028 3340 1113 3401 modo

110 3423 209 3485 domos
227 3423 279 3486 aed
302 3421 431 3484 cubicula
446 3425 509 3502 ipsa
525 3424 696 3505 intimosque
717 3442 853 3487 secessus
869 3425 992 3487 recludit
1009 3425 1112 3485 omnia·
