2400 3840
110 180 174 246 248
546 177 579 240 G.
595 176 692 240 l’hllll
770 224 773 229 .

109 347 178 397 tnnc
192 351 307 415 qnoque
319 331 430 392 invidus
445 331 615 411 imperator,
631 349 695 390 eum
706 348 764 409 ope
776 345 871 389 earnm
882 326 1041 405 indigeret,
1052 337 1110 389 tnn-

111 429 166 479 tam
180 417 390 477 admirationem
400 416 440 476 tui
453 433 510 476 non
519 417 581 476 sine
591 414 712 493 quodam
722 416 822 474 timore
831 413 1008 489 conceperit,
1026 429 1111 490 qnan-

109 510 164 560 tam
178 499 227 561 ille
241 498 433 578 genitnslore
449 508 515 578 post
530 514 636 559 saevos
650 496 764 558 labores
780 495 905 573 duraque
917 495 1034 572 imperia
1046 498 1111 572 regi

110 600 162 645 suo
183 584 334 644 indomitus
355 600 469 661 semper
490 581 710 660 indetonsusque
726 578 887 647 referebam
906 596 969 638 eum
985 577 1046 638 aliis
1063 597 1110 638 su·

58 671 98 736 15
111 685 165 746 per
185 666 255 730 alias
275 666 503 746 expeditionibus
522 666 623 726 itinere
640 664 691 725 illo
711 664 813 742 dignus
832 662 1007 722 invenireris.
1049 660 1134 722 Tri-5

111 751 202 811 bnnns
218 768 288 812 nero
303 750 536 811 disiunctissimas
556 758 647 811 arras
663 750 772 810 teneris
793 744 884 805 adhuc
904 747 982 806 annis
997 744 1049 804 viri
1064 745 1109 804 lir-

109 836 204 896 mitate
220 834 363 911 lustrasti,
384 835 437 893 iam
457 843 525 894 tnnc
538 841 741 912 praemonente
754 831 866 890 lortnna
878 837 908 887 ut
922 827 969 887 din
985 830 1109 906 penitus-

110 935 166 995 qne
180 918 363 996 perdisceret
377 934 451 994 qnae
470 932 536 976 mox
557 917 727 995 praecipere
750 913 882 975 deberes.
918 910 1021 991 Neque
1036 915 1110 972 enim

109 1003 298 1078 prospexisse
313 1007 405 1059 eastra
419 1000 595 1078 brevemque
609 999 733 1060 militiam
748 998 827 1076 qnasi
840 997 976 1056 transisse
993 1004 1109 1055 eonten-

109 1091 171 1158 tus,
192 1085 231 1142 ita
246 1084 332 1159 egisti
344 1082 486 1142 tribunum
499 1091 531 1142 nt
545 1100 613 1143 esse
634 1083 691 1143 dux
704 1085 797 1142 statim
810 1096 915 1159 posses
928 1078 1053 1158 nihilque
1069 1078 1109 1138 di·
1118 1094 1151 1145 10

107 1163 246 1224 scendum
260 1164 382 1225 haberes
398 1174 528 1243 tempore
543 1165 673 1227 docendi.
708 1164 874 1243 Cognovisti
895 1181 948 1242 per
968 1163 1109 1241 stipendia

107 1246 209 1307 decenn
222 1264 318 1309 mores
338 1250 482 1327 gentium,
502 1251 652 1327 regionum
672 1251 761 1327 situs,
781 1247 1008 1326 opportunitates
1029 1245 1109 1306 loeo·

106 1348 183 1409 rnm,
207 1340 237 1392 et
252 1331 391 1393 diversam
406 1351 540 1414 aquarum
554 1332 684 1413 caelique
699 1333 866 1412 temperiem
880 1339 910 1389 nt
922 1332 1030 1409 patrios
1047 1328 1109 1390 ion·

106 1425 151 1476 tes
173 1418 350 1495 patriumque
371 1416 450 1478 sidus
470 1417 547 1479 lerre
563 1420 718 1479 consuesti.
754 1415 893 1489 Quotiens
907 1430 1017 1493 equos,
1039 1431 1108 1493 que·

106 1499 181 1560 tiens
202 1503 318 1560 emerita
338 1518 413 1561 arma
432 1500 560 1562 mutasti!
595 1500 698 1562 Veniet
713 1517 784 1578 ergo
798 1509 910 1577 tempus
925 1515 982 1577 quo
997 1498 1107 1576 posteri
1118 1505 1151 1558 15

105 1583 202 1642 visere
222 1583 429 1663 visendnmqne
448 1584 561 1646 tradere
580 1586 736 1645 minoribns
757 1586 817 1645 suis
833 1583 959 1661 gestient
974 1583 1038 1660 quis
1059 1599 1109 1640 su-

106 1663 191 1722 dores
211 1672 277 1726 tuos
297 1665 423 1727 hauserit
445 1684 579 1746 campus,
605 1686 679 1748 qnae
700 1668 876 1729 relectiones
896 1675 958 1726 tuas
978 1667 1108 1742 arbores,

105 1761 179 1822 quae
194 1762 322 1806 somnum
336 1767 404 1809 saxa
418 1754 627 1829 praetexerint,
643 1751 719 1831 qnod
735 1751 859 1828 denique
874 1758 981 1809 tectum
990 1767 1109 1826 magnus

104 1825 212 1923 hospes
227 1828 400 1909 inpleverit,
415 1842 446 1892 nt
463 1843 530 1894 tunc
546 1835 602 1913 ipsi
619 1836 669 1897 tibi
684 1837 839 1913 ingentium
852 1833 953 1893 ducum
968 1850 1109 1892 sacrave-

104 1911 188 1985 strgia
211 1911 302 1981 isdem
326 1916 353 1973 in
378 1914 452 1976 locis
473 1919 707 1980 monstrabantur.
752 1918 856 1978 Verum
875 1916 954 1984 baec,
970 1914 1053 1976 olim:
1080 1918 1152 1980 inno

104 1997 266 2068 praesentia
280 1998 410 2075 quidem,
428 2001 557 2079 quisquis
569 2002 653 2080 paulo
666 2004 806 2063 vetustior
817 2001 917 2078 miles,
931 2000 978 2060 hie
989 2008 1019 2059 te
1031 2017 1108 2059 enm·

24 2085 28 2095 ’
103 2073 229 2173 militene
243 2090 386 2141 censetur.
409 2081 521 2156 Quotus
533 2087 607 2145 enim
619 2089 740 2165 quisque
752 2087 831 2146 euius
842 2095 872 2146 tu
883 2101 940 2144 non
950 2093 1017 2144 ante
1031 2101 1108 2143 com·

103 2156 290 2239 milrtoqnam
306 2164 479 2243 imperator?
514 2168 584 2230 Inde
607 2180 652 2231 est
674 2169 751 2248 quod
771 2186 864 2247 prope
879 2185 979 2228 omnes
994 2169 1107 2226 nomine

103 2241 250 2320 appellas,
278 2246 354 2323 qnod
374 2249 550 2326 singulorum
570 2252 654 2314 fortia
672 2254 748 2314 laeta
763 2268 971 2320 conmemoras;
988 2268 1044 2311 nee
1059 2250 1107 2311 ha·

103 2319 171 2380 bent
189 2323 392 2390 adnumeranda
409 2333 461 2392 tibi
480 2352 532 2412 pro
551 2354 584 2397 re
605 2337 719 2414 publiea
733 2335 866 2413 vulnem,
895 2335 998 2414 quibus
1014 2336 1106 2394 statim
1115 2341 1151 2393 25

104 2410 132 2458 et
147 2401 275 2465 laudator
289 2420 319 2469 et
333 2415 415 2472 testis
432 2419 587 2494 contigisti.

53 2488 93 2550 16
131 2564 137 2577 ⁸
166 2483 225 2544 Sed
247 2496 325 2585 tanto
347 2497 436 2570 magis
456 2501 646 2576 praedicanda
664 2502 822 2563 moderatio
842 2509 905 2577 tna,
928 2499 1005 2579 quod
1026 2501 1106 2559 innu-

103 2570 184 2658 tritus
206 2567 320 2666 belbeis
341 2572 470 2637 laudibus
491 2598 593 2659 pacem
613 2603 706 2662 amas,
733 2602 789 2646 neo
809 2588 874 2663 quin
894 2584 942 2643 vel
957 2593 1040 2663 pater
1055 2583 1106 2644 tihi

101 2648 275 2748 triumphalis
297 2654 344 2715 vel
369 2657 530 2737 adoptionis
544 2674 609 2728 tuae
624 2669 670 2729 die
687 2668 779 2730 dicata
794 2666 956 2745 Capitolino
970 2667 1032 2727 lovi
1047 2666 1105 2727 lan·

100 2744 165 2805 rus,
183 2732 291 2795 rderrco
307 2756 344 2798 ex
357 2745 511 2807 occasione
526 2751 600 2809 omni
616 2753 729 2830 quaeris
743 2751 911 2830 triumphos.
941 2750 1007 2811 Non
1022 2753 1148 2811 times30

100 2808 176 2871 bella
189 2833 413 2914 necprovocas.
434 2825 566 2906 lingnam
577 2843 633 2910 est,
651 2837 804 2914 imperator
817 2836 960 2912 Anguste,
975 2852 1107 2912 magnum

100 2899 145 2948 est
160 2902 235 2956 stare
250 2918 278 2958 nn
293 2902 413 2967 Danubii
427 2912 505 2989 ripa,
532 2917 557 2974 si
576 2924 721 2995 transeas,
749 2928 857 2981 eertum
874 2919 1024 2998 triumphi,
1049 2936 1106 2978 nee

102 2967 249 3062 deeertare
275 3001 382 3063 cupere
408 3009 471 3050 cnm
491 3002 705 3070 recusantibns;
727 3020 845 3080 quorum
859 3002 979 3062 alterum
994 3002 1106 3063 lortitu·

101 3048 181 3128 ‘hlei
209 3058 333 3125 alterum.
346 3071 540 3136 moderatione
560 3081 692 3143 eflicitur.
730 3085 801 3146 Nam
823 3095 853 3146 ut
873 3089 937 3165 ipse
957 3085 1032 3146 nolis
1053 3103 1106 3164 pn·

98 3147 205 3228 &nafis
233 3146 402 3230 moderatio,
429 3156 566 3219 fortitudo
589 3172 636 3223 tua
650 3178 778 3243 praestat
792 3178 822 3230 ut
836 3187 931 3247 neque
945 3169 1046 3230 hostes
1064 3171 1148 3231 tuito

136 3212 195 3274 lrnt.
230 3223 363 3308 Accipiet
378 3254 448 3314 ergo
469 3239 620 3320 aliquando
637 3246 808 3327 Capitolium
822 3271 878 3313 non
895 3255 1023 3313 mimicos
1040 3270 1105 3312 eur·

97 3315 151 3397 ms·
162 3315 217 3359 nee
233 3305 321 3408 falsae
337 3317 485 3380 simulacra
500 3327 655 3406 victoriae,
673 3333 726 3392 sed
742 3336 944 3412 imperatorem
957 3353 1104 3396 veramne

97 3379 220 3445 solidam
236 3386 353 3463 glomam
372 3412 563 3474 reportantem
583 3413 815 3490 tranquillitatem
838 3429 867 3479 et
891 3428 947 3480 tarn
969 3419 1105 3481 confessa
