2400 3840
120 134 163 199 34
545 130 578 194 G.
602 131 697 194 PblNl

98 298 236 367 itumque
260 288 385 348 sordium
404 285 452 347 vel
474 284 605 346 damnare
627 284 698 346 alios
718 283 767 345 vel
786 279 965 345 absolvere?
991 283 1052 346 Sed
1070 283 1122 346 boc

120 371 249 453 pluribus
264 373 356 432 visum
366 379 421 431 est.
454 367 642 430 Numerantur
656 370 731 429 enim
745 370 923 447 sententiae,
944 385 1002 429 non
1018 367 1122 449 ponde·

119 463 229 524 rantur;
245 473 302 516 nec
318 454 394 516 aliud
409 456 437 514 in
450 453 568 534 publico
586 450 706 514 consilio
721 461 820 533 potest
835 453 915 530 dari,
937 454 967 512 iu
983 470 1041 532 quo
1058 451 1122 513 nibil

121 548 239 601 cattam
259 537 409 618 inaequale
431 556 513 617 quam
533 535 689 616 aequalitas
706 538 777 616 ipsa.
810 533 883 597 Nam
905 553 971 597 cnm
991 539 1029 598 sit
1049 539 1123 617 inpar

96 621 281 703 sprudentia,
297 641 350 703 par
364 624 486 684 omniurn
503 624 546 682 ius
562 629 616 682 est.
650 618 762 700 lnpleri
776 620 950 698 promissum
965 621 1142 701 priorisqucs

122 704 264 785 epistulae
287 707 371 769 iidem
392 705 524 783 exsolvi,
547 722 629 784 quam
651 722 689 764 ex
708 705 802 783 spatio
818 705 958 783 temporis
979 706 1035 765 iam
1047 722 1123 766 rece·

121 791 244 869 pisseto
260 791 383 869 colligo:
404 808 469 850 nam
487 798 517 850 et
532 788 674 849 festinanti
692 796 722 848 et
738 785 867 864 diligenti
882 787 1035 849 tabellario
1049 787 1122 857 dedi;

97 874 174 936 'tuisf
191 876 258 954 quid
278 875 471 954 impedimenti
491 874 520 932 in
539 874 585 932 via
601 889 704 950 passus
720 879 775 932 ast.
798 868 875 932 Tuae
892 890 970 933 nunc
985 880 1082 951 partes
1097 878 1123 931 ut

121 961 239 1037 primum
254 959 350 1034 illam,
375 956 478 1017 deinde
492 954 565 1016 banc
579 956 770 1015 remunereris
785 953 905 1034 litteris,
927 955 1030 1036 quales
1046 955 1123 1018 istinc

120 1042 214 1102 redire
229 1041 389 1101 uberrimae
403 1047 535 1118 possunt.
556 1037 636 1097 Vale.
1129 1053 1151 1107 p

583 1169 662 1232 Xlll.

408 1270 435 1321 (l.
454 1269 579 1322 PLINIUS
598 1269 712 1323 PRISCO
730 1271 790 1325 SUO
810 1272 837 1325 S.

101 1390 114 1441 l
186 1371 224 1433 Et
238 1382 268 1433 tu
290 1371 460 1435 occasiones
475 1371 620 1451 obligandi
638 1391 684 1435 me
705 1374 867 1435 aridissime
883 1372 1082 1452 amplecteris,
1096 1380 1122 1433 ct

98 1474 179 1536 nego
194 1458 298 1519 nemini
313 1456 447 1519 libentius
463 1456 568 1518 debeo.
587 1457 704 1519 Duabus
716 1475 788 1535 ergo
803 1457 839 1517 de
854 1459 950 1517 causis
964 1474 981 1517 a
995 1467 1026 1518 te
1038 1457 1153 1536 potia-15

123 1544 222 1604 simum
237 1551 339 1619 petere
357 1541 491 1603 constitui
506 1541 582 1619 quod
597 1542 766 1619 inpetratum
781 1543 902 1602 maxime
918 1542 1016 1620 cupio.
1037 1539 1123 1619 Regis

123 1626 282 1685 exercitum
296 1622 513 1701 amplissimum:
534 1622 600 1684 binc
618 1625 668 1685 tibi
686 1626 889 1686 beneficiorum
904 1623 985 1702 larga
1000 1626 1122 1701 nmteria,

121 1707 239 1785 longum
260 1715 410 1786 praeterea
428 1715 540 1786 tempus
563 1725 619 1786 quo
633 1710 741 1770 amicos
761 1719 827 1770 tuos
842 1726 983 1771 enomere
999 1709 1123 1789 potuisti.

75 1849 81 1859 ,
99 1790 300 1858 3ὒοιινοιιθιο
314 1789 489 1869 adnostros,
504 1808 560 1852 uec
570 1791 625 1852 bos
636 1791 750 1854 multos.
770 1792 872 1854 llalles
886 1802 917 1853 tu
932 1792 1048 1871 quidem
1057 1791 1124 1852 rnul-

122 1885 186 1951 tos,
209 1873 262 1935 sed
278 1892 359 1935 meae
375 1875 567 1936 verecundiae
588 1875 694 1936 suflicit
707 1894 779 1938 nnus
800 1886 847 1937 aut
861 1876 950 1954 alter,
978 1895 1014 1936 ac
1031 1877 1157 1956 potiusne

99 1970 202 2039 funus.
231 1955 260 2018 Is
281 1959 335 2020 erit
351 1957 496 2019 Voconius
513 1958 667 2020 Romanus.
700 1959 783 2021 Pater
800 1962 826 2021 ei
843 1961 871 2020 in
891 1961 1022 2038 equestri
1038 1959 1123 2038 gradu

105 2041 234 2121 clama,
265 2041 368 2103 clarior
388 2044 522 2122 vitricus,
549 2044 633 2103 immo
653 2053 735 2122 pater
758 2043 845 2104 alius:
870 2061 934 2103 narn
963 2043 1032 2104 buio
1057 2061 1123 2124 quo·

122 2146 178 2205 que
189 2128 293 2187 nomini
310 2129 415 2206 pietate
430 2129 584 2188 successit.
618 2124 711 2187 llater
725 2146 741 2187 e
756 2129 854 2206 primis
870 2127 1012 2189 citerioris
1027 2126 1123 2208 Hispa·

120 2213 198 2271 niae:
221 2211 280 2271 sois
297 2211 373 2288 quod
388 2210 701 2288 iudiciumprorinciae
715 2209 807 2289 illius,
824 2220 926 2288 quauta
940 2212 977 2272 sit
992 2213 1123 2290 gravitas.
1189 2238 1192 2333 q

96 2292 238 2360 solamen
251 2293 379 2371 proxime
394 2292 455 2351 fuit.
476 2290 558 2352 llunc
572 2310 641 2370 ego,
659 2311 722 2353 cum
742 2293 824 2355 simul
845 2294 1043 2374 studeremus,
1064 2305 1158 2361 noas
1190 2340 1192 2381 ᾗ

121 2375 352 2453 familiariterque
369 2372 474 2435 dilexi:
496 2373 546 2434 ille
565 2391 645 2437 meus
659 2377 688 2436 in
702 2378 791 2457 urbe,
812 2376 862 2438 ille
875 2378 904 2437 in
919 2397 1044 2441 secessu
1058 2397 1124 2441 eon·
1190 2444 1192 2449 ,

97 2456 288 2536 stubemalis,
303 2476 366 2518 curu
382 2457 439 2518 boc
454 2459 545 2536 seria,
569 2477 633 2520 cum
646 2459 703 2522 boc
720 2463 803 2524 iocos
819 2462 931 2523 miscui.
964 2461 1041 2535 Quid
1053 2465 1125 2524 euim
1188 2468 1192 2513 ἐ

121 2540 173 2602 illo
183 2550 235 2602 ‘aut
252 2539 363 2603 fidelius
376 2541 468 2602 unico
484 2551 531 2602 aut
546 2543 646 2605 sodale
660 2542 830 2606 iucundius?
851 2544 922 2606 blira
935 2546 965 2606 in
980 2565 1124 2625 sermone,
1189 2534 1192 2595 l

99 2627 190 2694 tmira
202 2627 286 2687 etiam
300 2626 328 2685 in
344 2643 395 2687 ore
408 2627 473 2705 ipso
487 2627 624 2708 vultuque
635 2631 770 2690 suavitas.
788 2629 835 2690 Ad
847 2628 904 2690 boc
916 2630 1061 2707 ingenium
1076 2650 1125 2692 ex·
1189 2600 1192 2749 i

122 2710 242 2790 celsum,
258 2708 374 2789 subtile,
391 2709 487 2790 dulce,
503 2711 599 2792 facile,
616 2713 754 2774 eruditum
767 2715 796 2773 in
807 2714 900 2774 causis
914 2713 1050 2791 agendis:
1065 2715 1159 2794 epi-it

96 2795 211 2862 8stulas
223 2796 336 2875 quidem
348 2796 457 2873 scribit,
474 2805 503 2856 ut
514 2795 611 2857 blusas
621 2798 699 2876 ipsas
710 2797 808 2858 Latine
819 2796 898 2875 loqui
911 2798 1024 2859 credas.
1041 2797 1125 2860 Ama·

121 2888 167 2939 tur
178 2897 195 2938 a
208 2897 253 2939 me
268 2878 416 2958 plurimum
427 2898 483 2940 nec
497 2882 589 2942 tuden
603 2882 733 2942 vincitur.
754 2880 893 2959 Equidem
904 2881 1018 2942 invenis
1032 2883 1124 2944 statim

120 2962 216 3021 iuveni
233 2972 364 3040 quantum
385 2966 465 3042 potui
481 2983 535 3044 per
551 2974 672 3025 aetatem
687 2964 848 3025 avidissime
864 2963 973 3026 contuli
989 2975 1019 3027 et
1033 2983 1124 3046 nuper

79 3100 91 3128 χ
120 3045 155 3105 ab
169 3046 276 3123 optimo
290 3047 419 3127 principe
434 3049 516 3108 trium
527 3047 681 3109 liberorum
695 3050 738 3110 ius
749 3050 906 3128 impetrari.
931 3048 1016 3122 Quod
1028 3067 1123 3130 quam·

121 3146 204 3209 qnam
218 3146 305 3206 parce
320 3138 425 3190 etcum
438 3131 554 3192 delectu
569 3131 659 3209 daret,
674 3133 741 3192 mibi
756 3142 860 3210 tanuen,
875 3143 1016 3212 tamquam
1032 3132 1157 3212 elige-35
1190 3190 1192 3213 ,

96 3222 176 3292 oret,
192 3210 318 3273 indulsit.
336 3211 414 3276 llaec
427 3216 566 3276 beneficia
574 3233 637 3276 mea
651 3218 724 3277 tueri
737 3216 911 3278 nullomodo
923 3217 1026 3279 melius
1040 3234 1121 3298 qaam
1189 3226 1192 3285 ζ

47 3343 50 3349 .
119 3306 151 3358 ut
165 3313 284 3375 augeam
299 3315 432 3377 possum,
453 3299 621 3378 praesertim
638 3318 702 3361 cum
721 3302 785 3382 ipse
800 3300 849 3362 illa
863 3311 918 3363 mm
934 3312 1016 3381 grate
1035 3304 1121 3362 inter·

77 3392 250 3463 lopretctur
261 3390 309 3461 ut,
332 3383 396 3442 dum
411 3385 505 3463 priora
518 3383 641 3463 accipit,
667 3387 828 3465 posteriora
841 3395 991 3448 mereatur.
1024 3384 1119 3447 Habes
