2400 3848
361 186 624 250 EPISTULARUM
645 187 706 248 Vll.
727 200 771 252 20.
787 200 831 252 21.
1040 191 1102 256 145

383 437 409 489 0.
429 439 553 493 PLINIUS
563 339 688 491 'gimo
707 438 768 492 SUO
787 439 814 494 S.

159 555 272 617 bibrum
291 564 370 615 tuum
392 554 451 634 legi
472 565 501 618 et
521 575 603 636 qnam
627 558 842 636 diligentissime
868 561 949 638 potui
969 560 1100 623 adnotavi
1111 581 1127 634 1

97 659 170 720 qnae
188 637 397 716 commutanda,
415 655 488 718 quae
505 642 652 704 eximenda
668 642 829 702 arbitrarer.
849 640 919 704 Nam
933 653 963 703 et
977 662 1034 722 ego
1051 662 1101 706 ve·

71 731 159 784 bruna
176 723 274 784 dicere
289 722 407 785 adsuevi
422 732 452 784 ot
465 731 496 782 tu
508 722 631 786 libenter
644 725 750 786 audire.
778 723 882 804 Neque
898 727 972 786 enirn
986 726 1036 786 ulli
1052 745 1101 806 pa·

95 810 213 869 tientius
236 805 482 886 reprehenduntur
506 825 589 886 quam
610 811 657 889 qni
678 809 798 870 muime
819 807 925 870 laudari
946 820 1101 871 merentur.

95 889 180 951 Nnno
194 909 211 951 a
225 900 254 952 te
270 889 374 950 librum
388 908 481 951 meum
496 909 560 952 enm
577 892 804 954 adnotationibus
823 892 879 953 tuis
895 902 1048 971 exspecto.
1078 894 1129 964 02

96 974 251 1054 ineundas,
269 973 292 1034 'o
310 973 444 1054 pnlobras
464 975 562 1037 aloes!
585 975 675 1050 Quam
688 995 734 1037 me
752 975 878 1038 delectat
892 976 987 1056 quod,
1009 979 1033 1038 si
1048 995 1103 1057 qna

96 1061 222 1141 posteris
245 1076 312 1120 eura
333 1060 441 1136 nostri,
464 1077 670 1140 usquequaque
691 1059 848 1121 narrabitur
868 1078 924 1141 qna
948 1061 1102 1123 eoncordia

54 1153 89 1206 10
96 1143 279 1222 simplicitate
294 1142 350 1204 lide
371 1141 539 1205 vixerimus!
563 1143 625 1205 Erit
645 1161 738 1204 rarum
752 1153 782 1205 et
796 1145 908 1222 insigne
923 1144 996 1206 duos
1014 1144 1129 1216 homi-3

96 1246 149 1288 nes
166 1235 259 1287 aetate
274 1225 409 1303 dignitato
424 1227 629 1306 propemodum
648 1226 799 1307 aequales,
820 1246 876 1289 non
893 1226 997 1289 nullius
1016 1230 1044 1291 in
1058 1228 1102 1290 lit·

95 1313 166 1372 teris
188 1311 308 1371 nominis
329 1309 438 1389 (cogor
451 1311 527 1371 enim
547 1308 582 1370 de
599 1319 629 1370 te
647 1328 761 1390 quoque
777 1314 890 1391 parolus
905 1310 1020 1390 dicere,
1038 1315 1104 1392 quia

96 1395 133 1455 de
147 1413 193 1454 me
211 1392 295 1456 simul
315 1392 414 1472 diuo),
435 1392 555 1454 alterurn
575 1392 690 1454 alterius
707 1393 799 1455 studia
813 1394 931 1456 invisae,
962 1394 1130 1475 Equidema

96 1475 346 1554 adulescentulus,
364 1493 428 1536 cnm
443 1478 497 1535 iam
511 1485 542 1536 tn
556 1476 628 1536 lama
642 1477 790 1557 gloriaque
805 1477 942 1556 floreres,
960 1486 990 1539 te
1007 1482 1101 1558 sequi,

54 1572 87 1626 15
96 1562 148 1622 tibi
163 1560 251 1639 longo
273 1558 325 1620 sed
347 1561 491 1637 proximus
506 1559 657 1621 intervallo
678 1570 708 1621 et
724 1580 791 1623 esse
810 1571 840 1623 et
854 1561 952 1623 haberi
966 1564 1103 1642 oonoupi·

96 1646 222 1707 soebam.
254 1642 293 1704 Et
309 1652 387 1704 erant
405 1642 492 1704 mnlta
511 1642 667 1706 clarissima
688 1646 817 1723 ingenim
839 1645 892 1707 sed
912 1654 941 1706 tn
964 1645 1032 1706 mibi
1051 1649 1104 1727 (ita

10 1746 13 1751 ⁴
97 1727 251 1790 similitudo
266 1737 380 1789 naturae
403 1727 529 1806 ferebat)
547 1729 665 1788 maxime
680 1729 837 1806 imitabilis,
856 1730 976 1790 maxime
993 1731 1103 1790 imitan-

98 1812 150 1872 dus
162 1811 314 1873 videbaris.
336 1810 400 1885 Quo
414 1813 504 1890 magis
517 1811 631 1890 gaudeo
645 1813 732 1891 quod,
749 1815 774 1874 si
795 1816 858 1892 qnis
876 1813 912 1873 de
926 1814 1027 1874 studiis
1042 1826 1129 1878 ser-5

96 1913 159 1973 mo,
183 1913 237 1956 una
256 1897 446 1973 nominamur,
469 1895 546 1974 quod
561 1894 596 1955 de
613 1905 643 1956 te
663 1895 846 1974 loquentibus
860 1898 953 1958 statim
970 1915 1102 1959 ooourro.

55 1978 160 2044 nolleo
179 1978 281 2040 desunt
299 1980 348 2055 qui
363 1981 476 2058 utrique
490 1989 618 2039 nostrum
631 1978 836 2057 praeferantur.
866 1978 926 2038 Sed
940 1997 1011 2058 nos,
1034 1980 1128 2046 nihils

97 2065 218 2123 interest
234 2079 297 2122 mea
318 2079 375 2141 quo
395 2060 479 2140 loeo,
506 2061 660 2138 iungimur:
685 2079 749 2120 nam
768 2061 835 2120 milri
850 2063 957 2141 primns
974 2064 1022 2140 qui
1042 2072 1103 2123 ate

97 2146 253 2225 proximus.
292 2143 366 2218 Quin
388 2146 472 2206 etiarn
492 2145 521 2203 in
541 2145 720 2205 testamentis
743 2142 834 2205 debes
858 2143 1025 2206 adnotasse:
1050 2146 1104 2207 nisi

98 2231 162 2309 quia
177 2229 254 2289 forte
268 2227 395 2289 alterutri
406 2236 534 2289 noenum
550 2228 755 2304 amicissimus,
771 2227 871 2290 eadem
887 2227 983 2306 legata
999 2239 1028 2290 et
1043 2231 1104 2308 qni·

98 2313 163 2374 dem
174 2314 280 2392 pariter
294 2313 462 2390 aoeipimus.
491 2310 572 2385 Quae
588 2313 680 2372 omnia
701 2310 757 2371 bno
775 2321 908 2391 spectant
929 2321 959 2372 ut
980 2314 1130 2382 invicem?

55 2397 241 2458 aberdentius
253 2395 418 2475 diligamns,
439 2413 503 2456 enm
517 2404 560 2456 tot
573 2394 693 2457 vinculis
709 2396 761 2457 'nos
776 2396 878 2476 studia,
894 2413 1001 2478 mores,
1020 2398 1103 2476 lama,

98 2498 230 2560 suprema
242 2480 365 2559 deniqne
378 2478 520 2541 bominum
534 2479 637 2540 indicia
650 2481 851 2559 constringant.
883 2480 966 2542 Vale.

563 2630 642 2693 ΧΧΙ.

370 2732 397 2787 c.
416 2731 541 2784 numius
559 2729 706 2782 ooauuno
726 2728 787 2782 auo
805 2731 832 2781 s,

56 2857 91 2912 bo
159 2849 261 2927 Pareo,
274 2849 389 2928 oollega
402 2852 560 2929 carissime,
575 2859 605 2910 et
618 2849 769 2909 infirmitati
785 2846 950 2924 oculorum,
966 2855 998 2905 nt
1010 2845 1129 2924 iubee‚1

100 2928 230 2998 eonsulo.
259 2932 330 2995 llam
344 2944 374 2994 et
390 2933 448 2997 hue
469 2944 548 2996 teoto
566 2932 702 2995 vebiuulo
722 2931 848 3010 undique
862 2929 1007 3007 inclusus,
1023 2931 1104 3009 quasi

97 3022 127 3080 in
142 3017 287 3096 eubiculo,
304 3020 469 3096 perveniet
485 3017 534 3078 bio
548 3035 605 3078 non
620 3016 688 3078 stilo
702 3014 786 3076 modo
798 3031 897 3074 verum
908 3015 993 3075 etiam
1003 3013 1105 3075 leutio-

97 3103 182 3163 nibns
198 3100 367 3180 difficulter,
386 3101 444 3165 sed
457 3102 586 3163 abstineo
602 3100 731 3179 solisque
746 3099 860 3160 auribus
876 3099 989 3160 studeo.
1019 3096 1132 3159 cibi-a

95 3182 164 3247 ‘onla
181 3185 313 3246 obductis
327 3185 400 3247 velis
422 3202 513 3265 opaea
533 3203 588 3246 neo
609 3196 702 3246 tamen
720 3184 843 3244 obsanre
864 3182 947 3243 facin
981 3180 1104 3261 Crypto-

56 3272 230 3350 bipontinus
242 3286 357 3348 quoque
371 3269 515 3348 adopertis
528 3269 711 3330 inlerioribns
725 3267 859 3329 fenestris
871 3274 978 3328 tantum
988 3265 1103 3325 umbrae

99 3362 233 3434 qnantum
254 3353 367 3415 luminis
387 3351 483 3415 babet.
521 3354 570 3413 Sia
591 3350 724 3432 paulatim
744 3350 839 3412 luoem
857 3351 935 3412 ierne
957 3348 1102 3412 eondisoo.

98 3437 250 3580 dapnennp
258 3437 393 3518 adsumo,
410 3439 475 3517 quia
489 3436 753 3516 prodestpvinum,
768 3437 836 3517 qula
845 3453 910 3496 non
917 3442 1034 3574 papea„
1043 3437 1144 3508 qam-“e

158 3541 214 3580 tm
248 3543 275 3580 P·
