2400 3840
370 204 631 266 EPISTULARUM
646 204 693 267 vt.
715 213 757 268 rt.
777 214 821 268 re.
1039 205 1102 270 119

95 357 221 419 voluisti.
252 357 351 418 Finem
362 376 433 435 ergo
449 359 559 419 faciam.
592 357 683 417 Unum
696 355 814 417 adiciam
830 357 922 418 omnia
936 375 981 416 mc
997 357 1145 438 quibam

94 441 278 504 interfueram
291 460 422 521 quaeque
437 445 538 520 statim,
552 459 616 500 cum
627 442 744 501 maxime
756 459 824 502 vera
835 450 1034 520 memorantur,
1051 461 1099 504 au-

94 525 202 588 dieram
220 536 413 605 persecutum.
447 525 490 585 'lu
510 526 656 605 potissima
677 542 829 604 excerpes.
859 523 944 585 Aliud
965 535 1011 587 est
1026 529 1099 586 enim

72 609 245 758 gbfflfflam
265 609 340 670 aliud
357 610 516 687 historiam,
532 609 607 670 aliud
623 611 714 671 amieo
728 607 804 670 aliud
816 609 943 671 omnibus
959 611 1097 675 scribere.

553 826 642 890 xvtt.

353 927 380 976 o,
399 927 522 978 ruinius
539 925 720 977 nnsrrruro
737 925 797 977 suo
817 925 843 981 S.

155 1025 426 1104 Indignatiunculam
436 1044 516 1106 quam
526 1028 553 1085 in
563 1025 706 1087 cuiusdam
719 1027 800 1085 amici
815 1025 952 1086 auditorio
965 1029 1030 1104 cepi
1043 1041 1124 1093 nonl

54 1118 214 1188 lopossum
234 1111 300 1169 mihi
321 1119 480 1189 temperare
501 1127 558 1189 quo
572 1112 663 1171 minus
678 1110 754 1188 apud
768 1120 814 1187 te,
837 1112 971 1190 quianon
988 1114 1095 1172 contin·

91 1195 135 1271 git
149 1211 261 1271 coram,
275 1212 329 1273 per
341 1193 491 1272 epistulam
506 1193 654 1255 effundam.
686 1193 869 1256 Recitabatur
887 1194 961 1257 liber
982 1196 1123 1260 absolu-2

91 1279 234 1338 tissimus:
249 1278 323 1337 buno
338 1278 394 1338 duo
411 1288 458 1338 aut
472 1289 549 1355 tres,
570 1287 599 1337 ut
613 1279 668 1338 sibi
684 1287 712 1337 et
725 1281 823 1356 paucis
837 1277 982 1357 uidentur,
998 1279 1096 1342 diserti

91 1360 187 1423 surdis
198 1363 341 1441 mutisque
355 1361 463 1422 similos
478 1362 635 1422 audiebant.
668 1360 732 1421 Non
747 1362 825 1422 labra
840 1361 1023 1440 diduxerunt,
1039 1380 1096 1423 non

91 1456 241 1506 moverunt
253 1464 379 1523 manum,
402 1463 458 1505 non
471 1448 593 1525 denique
608 1445 847 1523 adsurrexerunt,
870 1446 971 1506 saltem
984 1447 1096 1508 lassitu-

48 1542 83 1594 15
92 1529 158 1589 dine
173 1528 301 1590 sedendi.
323 1529 402 1603 Quae
416 1539 490 1590 tanta
502 1527 648 1608 gravitas?
669 1548 741 1609 quac
755 1539 830 1591 tanta
844 1527 1002 1608 sapientiai
1024 1541 1123 1611 quaet,

90 1616 175 1674 immo
188 1615 312 1692 pigritia,
328 1614 501 1691 adrogantia,
518 1616 685 1675 sinisteritas
699 1632 733 1674 ac
745 1616 840 1694 potius
856 1617 985 1691 amentia,
1000 1616 1028 1674 in
1041 1615 1097 1675 hoo

90 1706 181 1759 totum
202 1699 278 1758 diem
298 1699 501 1776 inpenderent
521 1698 663 1775 offendas,
686 1708 716 1760 ut
736 1700 878 1758 inimicum
897 1699 1041 1776 relinquas
1061 1699 1096 1759 ad

91 1799 176 1861 quem
192 1791 332 1862 tamquam
346 1784 544 1843 amicissimum
557 1779 692 1843 veneris?
712 1781 854 1844 Disertior
869 1785 933 1861 ipse
948 1779 1002 1843 esi
1020 1791 1123 1844 tantos

90 1867 192 1942 magis,
205 1883 242 1926 ne
254 1865 403 1926 invideris:
424 1869 548 1946 namqui
564 1867 670 1928 invidet
687 1868 777 1926 minor
791 1876 845 1926 est.
867 1865 1015 1947 Denique,
1034 1870 1097 1927 sive

49 1949 157 2029 doplus
173 1951 236 2011 sive
250 1952 341 2010 minus
358 1952 419 2010 sive
435 1950 510 2009 idem
531 1959 676 2029 praestas,
700 1950 782 2012 lauda
799 1950 848 2010 vel
867 1950 1031 2011 inferiorem
1048 1951 1096 2010 vel

90 2035 271 2112 superiorem
284 2033 331 2093 vel
346 2052 456 2112 parem:
479 2037 672 2111 superiorem,
694 2037 774 2114 quia,
797 2035 850 2093 nisi
865 2033 1018 2095 laudandus
1035 2034 1095 2111 ille,

90 2135 147 2178 non
158 2126 246 2197 potes
259 2119 323 2197 ipse
335 2117 455 2186 laudari;
475 2118 639 2177 inferiorem
652 2128 697 2178 aut
713 2135 826 2196 parem,
844 2119 907 2196 quia
922 2120 1047 2196 pertinet
1061 2118 1096 2177 ad

89 2211 165 2262 tuam
179 2201 300 2278 gloriam
313 2219 396 2280 quam
410 2202 558 2261 maximum
574 2201 664 2260 videri
685 2220 769 2280 quern
784 2201 935 2278 praecedis
949 2201 997 2261 vel
1012 2220 1096 2262 exae·
1148 2219 1150 2221 ’

91 2303 171 2364 quas.
206 2284 347 2364 Equidem
367 2288 531 2364 omnesqui
551 2284 657 2365 aliquid
673 2288 701 2346 in
719 2285 819 2347 studiis
839 2285 946 2345 iaciunt
966 2287 1122 2347 venerario

51 2371 176 2450 lectiam
191 2371 343 2448 mirarique
357 2369 448 2430 soleo.
472 2368 525 2430 Est
538 2372 611 2430 enim
625 2388 672 2431 res
688 2369 812 2430 diilrcilie
834 2369 920 2430 ardua
937 2369 1094 2447 fastidiosa,

91 2463 119 2514 et
143 2471 217 2532 quae
239 2471 329 2515 cosa
356 2454 458 2532 quibus
480 2455 669 2514 contemnitur
688 2457 810 2514 invicem
831 2463 1000 2515 contemnat.
1033 2454 1095 2515 Nisi

89 2537 163 2598 forte
176 2536 252 2600 alind
265 2537 372 2598 iudicas
387 2546 432 2597 tu:
454 2556 619 2618 quamquam
632 2540 694 2616 quis
712 2555 768 2598 uno
781 2548 811 2599 te
824 2541 1002 2599 reverentior
1013 2539 1095 2599 huius

90 2623 200 2700 operis,
216 2623 279 2698 quis
291 2621 441 2698 benignior
453 2619 637 2683 aestimatori
658 2621 720 2695 Qua
732 2625 841 2684 ratione
854 2624 966 2701 ductus,
980 2623 1031 2683 tibi
1043 2629 1123 2701 poli

90 2705 228 2765 tissimum
248 2704 465 2781 indignationem
486 2725 576 2767 meam
599 2705 726 2784 prodidi,
749 2725 833 2784 quem
858 2705 964 2767 habere
987 2708 1095 2766 socium

55 2789 211 2851 dtmaxime
226 2797 364 2868 poteram.
395 2787 476 2847 Vale.

539 2920 644 2981 XVlll.

379 3022 406 3076 G.
425 3020 551 3073 PLINIUS
568 3021 685 3073 SABINO
705 3021 764 3073 SUO
784 3019 811 3075 S.

152 3126 251 3204 Rogas
268 3137 297 3187 ut
317 3146 397 3205 agam
414 3127 605 3188 Firmanorum
620 3127 763 3207 publicam
782 3144 908 3196 causam;
932 3127 1009 3206 quod
1025 3135 1120 3205 ego,l

59 3216 258 3291 taquamquam
273 3211 400 3288 plurimis
419 3213 654 3290 occupationibus
675 3211 831 3289 distentus,
853 3211 968 3272 adnitar.
1002 3210 1094 3289 Cupio

94 3296 208 3355 enimet
223 3298 427 3356 ornatissimam
442 3295 582 3356 coloniam
597 3297 789 3356 advocationis
802 3296 898 3356 oiiicio
911 3304 939 3355 et
950 3305 980 3355 te
988 3295 1095 3370 gratis-

93 3380 161 3439 simo
172 3379 225 3440 tibi
236 3398 352 3440 munere
364 3380 555 3460 obstringere.
577 3379 722 3439 Nemeum
734 3378 948 3440 familiaritatem
958 3385 1122 3454 nostram,2

93 3472 121 3524 ot
131 3462 211 3524 soles
222 3463 399 3544 praedicare,
415 3464 449 3523 ad
461 3463 632 3544 praesidium
642 3473 891 3544 ornamentumque
902 3464 952 3524 tibi
964 3481 1094 3543 sumpse·
