2400 3840
92 185 115 250 6
516 173 550 236 0.
572 171 669 234 PLINI

93 336 139 396 alr
153 332 277 410 optimus
292 332 321 389 in
339 330 499 408 praeseutia
513 327 605 404 velis,
627 343 711 405 quarn
725 323 792 403 quid
807 341 923 401 semper
938 324 980 383 sis
998 321 1097 400 proba·

69 428 186 481 Iturus.
215 413 262 474 lle
284 416 360 473 circa
376 411 444 473 ldus
469 411 603 472 Octobris
619 426 707 488 spero
722 406 829 468 Romae
846 407 972 467 futurum
988 405 1097 466 eadem·

94 519 151 580 que
166 499 237 559 haec
255 506 436 576 praesentem
452 513 568 575 quoque
585 504 632 554 tua
648 509 768 570 meaque
785 490 841 550 lide
853 489 936 552 Gallo
953 487 1097 550 co'nlirma·

93 595 201 652 turum;
229 583 275 641 cui
292 590 385 642 mmen
402 582 457 640 iam
476 598 551 640 nunc
571 578 642 639 licet
661 575 803 655 spondeas
825 573 861 634 de
881 576 977 635 animo
995 559 1098 652 meotl

71 663 150 730 ancl
162 662 346 747 κυανέῃσιν
358 655 412 725 ἐπ’
427 655 556 745 ὀφρύσι
567 661 679 723 νεῦσε.
702 657 761 721 Cur
773 660 847 719 enim
863 675 922 718 non
936 675 1116 738 usquequa-5

94 770 151 831 que
172 750 333 811 Homericis
352 749 486 810 versibus
511 765 593 826 agam
613 741 731 806 tecum?
758 752 898 822 quatenus
920 752 951 803 tu
974 760 1022 803 me
1044 743 1096 803 tuis

92 854 181 915 agere
202 853 258 895 non
279 836 404 913 pateris,
429 849 549 910 quorum
569 839 643 892 tanta
665 827 819 907 cupiditate
838 827 926 888 ardeo
950 836 983 887 ut
1003 827 1097 888 videar

35 933 45 946 ·
93 921 161 981 mibi
175 919 228 980 hac
243 919 305 980 sola
324 915 459 977 mercede
477 933 566 994 posse
583 914 727 991 corrumpi
741 921 772 972 ut
786 910 834 971 vel
850 920 950 971 contra
965 911 1095 972 Baeticos

70 1005 193 1070 6adsim.
214 1003 308 1062 Paene
320 1001 454 1079 praeterii
467 999 544 1078 quod
558 1000 672 1059 minime
684 994 922 1075 praetereundum
936 995 1002 1073 luit,
1018 1012 1095 1055 acce·

94 1090 175 1166 pisse
191 1103 237 1146 me
256 1093 385 1144 careotas
402 1085 534 1163 optImas,
550 1101 624 1163 quae
639 1098 714 1141 nunc
729 1096 791 1140 cum
804 1079 864 1140 licis
877 1088 907 1140 et
918 1078 1028 1141 boletis
1040 1097 1127 1150 cer-10

93 1169 205 1231 tandum
221 1168 334 1228 babent.
370 1166 451 1227 Vale.

557 1298 635 1360 v111.
688 1355 696 1363 ,
808 1333 811 1337 ’

272 1401 298 1453 G.
316 1399 439 1453 PLINIUS
459 1399 598 1452 POMPEIO
618 1393 800 1450 SATURNINO
817 1393 877 1445 SUO
895 1393 921 1444 S.

70 1520 84 1570 1
152 1503 371 1581 Peropportune
383 1503 451 1562 mihi
464 1501 593 1562 redditae
605 1510 671 1562 sunt
686 1499 798 1559 litterae
812 1505 889 1575 tuae,
903 1497 1008 1575 quibus
1022 1497 1125 1575 flagi-15

93 1587 172 1647 tabas
194 1597 225 1646 ut
244 1587 296 1647 tibi
316 1585 423 1664 aliquid
446 1604 483 1646 ex
504 1586 621 1663 scriptis
637 1584 709 1644 meis
730 1583 889 1658 mitterem,
913 1599 979 1641 cum
996 1599 1054 1660 ego
1069 1581 1094 1642 id

92 1671 187 1747 ipsum
199 1669 398 1730 destinassem.
410 1668 552 1729 Addidisti
565 1686 637 1747 ergo
650 1667 772 1728 calcaria
783 1674 888 1743 sponte
901 1668 1039 1744 currenti,
1050 1683 1094 1744 pa·

92 1754 220 1830 riterque
237 1762 267 1813 et
281 1753 333 1813 tibi
350 1754 461 1813 veniam
477 1753 629 1814 recusandi
646 1751 753 1813 laboris
771 1758 801 1809 et
815 1748 884 1808 mihi
899 1750 1035 1828 exigendi
1049 1769 1094 1809 ve·

67 1836 256 1904 preeundiam
278 1836 428 1898 sustulisti.
458 1836 529 1897 Nam
549 1855 605 1897 nec
629 1855 676 1897 me
692 1832 789 1895 timide
806 1835 845 1892 uti
863 1833 951 1894 decet
966 1851 1003 1895 eo
1024 1831 1095 1913 quod

92 1919 217 1979 oblatum
233 1929 278 1980 est
296 1938 351 1980 nec
367 1931 397 1982 te
413 1923 523 1999 gravari
538 1920 616 2000 quod
634 1918 843 1998 depoposcIsti.
865 1916 932 1976 Non
948 1927 995 1979 est
1009 1927 1127 1990 tameupp

91 2002 169 2081 quod
183 2004 218 2064 ab
236 2004 349 2065 bomine
366 2004 514 2066 desidioso
529 2004 637 2083 aliquid
651 2004 719 2064 novi
735 2002 833 2079 operis
850 2010 1003 2078 expectes.
1024 2002 1094 2061 Peti-

91 2095 171 2148 turus
187 2106 249 2149 sum
262 2091 337 2149 enim
348 2098 380 2149 ut
390 2107 488 2151 rursus
502 2107 590 2150 vaces
607 2089 732 2149 sermoni
747 2102 832 2164 quem
846 2084 922 2163 apud
936 2087 1093 2164 municipes

65 2186 171 2240 3meos
188 2172 273 2232 habui
290 2172 493 2234 bibliothecam
510 2172 702 2233 dedicaturus.
734 2168 850 2229 lllemiui
867 2169 983 2247 quidem
1000 2173 1094 2231 teiam

89 2256 227 2333 quaedam
248 2256 418 2333 adnotasse,
441 2256 493 2315 sed
513 2255 701 2334 generaliter:
725 2253 792 2313 ideo
809 2270 885 2312 nunc
901 2271 976 2332 rogo
993 2264 1024 2314 ut
1041 2270 1094 2314 non

90 2347 196 2398 tantum
210 2340 389 2399 universitati
407 2341 470 2399 eius
491 2340 637 2418 attendas,
655 2339 854 2400 verumetiam
870 2338 1027 2414 particulas
1043 2354 1127 2412 uuam

89 2421 169 2482 soles
185 2421 252 2481 lima
268 2425 462 2503 persequaris.
481 2421 545 2484 Erit
561 2426 638 2484 enim
654 2432 683 2483 et
699 2431 766 2501 post
781 2421 1011 2484 emendationem
1026 2423 1094 2483 libe·

66 2520 152 2573 crum
172 2505 256 2564 nobis
271 2504 319 2565 vel
341 2505 489 2583 publicare
505 2507 553 2568 vel
576 2509 735 2568 continere.
768 2505 951 2581 Quinimmo
973 2505 1094 2568 fortasse

89 2589 163 2649 hanc
184 2591 275 2667 ipsam
297 2592 505 2650 cunctationem
533 2602 659 2653 nostram
688 2589 715 2649 iu
741 2588 904 2649 alterutram
926 2593 1094 2652 seutentiam

88 2673 295 2733 emendationis
312 2674 384 2732 ratio
402 2674 535 2752 deducet,
553 2693 627 2754 quae
643 2684 690 2735 aut
705 2673 851 2750 iudignum
866 2672 1014 2754 editione,
1031 2676 1094 2736 dum

86 2760 203 2836 saepius
219 2765 370 2834 retractat,
386 2759 512 2819 inveniet
531 2768 580 2819 aut
600 2758 732 2836 dignum,
749 2757 814 2818 dum
829 2757 858 2817 id
872 2758 968 2836 ipsum
984 2761 1128 2840 exponi-ao

63 2850 151 2918 5tur,
176 2841 294 2901 efficiet.
325 2840 499 2921 Quamquam
513 2843 597 2904 huius
614 2842 802 2902 cunctationis
818 2859 900 2902 meae
918 2861 1025 2906 causae
1038 2861 1094 2905 nou

88 2925 184 2984 tamin
202 2924 319 3002 scriptis
336 2943 418 3002 quam
432 2928 460 2985 tn
479 2928 545 3004 ipso
562 2927 697 2987 materiae
712 2944 820 3004 genere
839 2929 1012 2990 consIstunt.
1042 2928 1094 2989 Est

86 3009 161 3068 enim
180 3008 266 3085 paulo
288 3011 370 3086 quasi
390 3009 550 3088 gloriosius
572 3018 605 3069 et
620 3008 733 3071 elatius.
767 3009 903 3071 Onerabit
923 3010 983 3073 boe
997 3013 1093 3074 mode·

85 3093 167 3152 stiam
182 3101 323 3170 nostram,
340 3095 451 3154 etiamsi
467 3092 550 3152 stilus
561 3094 628 3170 lpse
640 3109 759 3170 pressus
775 3093 980 3174 demissusque
995 3097 1091 3175 luerit,

84 3186 241 3255 propterea
252 3176 330 3255 quod
344 3179 474 3254 cogimur
486 3193 550 3235 cum
565 3176 601 3234 de
615 3177 805 3238 munificentia
818 3189 969 3256 parentum
980 3188 1126 3243 nostro-tt

60 3270 147 3323 trum
166 3269 225 3320 tum
247 3261 283 3321 de
306 3270 405 3322 nostra
424 3258 581 3335 disputare.
613 3258 731 3338 Anceps
746 3260 794 3320 hic
814 3271 845 3322 et
861 3262 991 3326 lubricus
1010 3267 1091 3327 locus

83 3352 139 3421 est,
161 3346 245 3404 etiam
268 3363 333 3404 cum
348 3342 390 3402 illi
403 3343 561 3402 necessitas
584 3338 772 3405 lenocinatur.
800 3343 915 3407 Etenim
935 3353 961 3410 si
981 3350 1091 3411 alienae

52 3421 61 3436 “
83 3445 201 3508 quoque
218 3427 318 3489 laudes
336 3440 436 3504 parum
451 3427 551 3501 aequis
565 3423 681 3487 auribus
698 3430 792 3507 achpi
808 3431 921 3512 solent,
939 3452 1024 3512 quam
1039 3435 1091 3495 dii-
