2400 3840
93 180 134 245 68
520 180 552 241 (l.
577 178 673 241 PLINI

94 342 161 410 eget
176 333 243 408 quid
260 351 391 404 sermone
403 333 494 411 patrio
512 334 671 411 exprimere
692 333 804 412 possis,
824 349 889 392 cum
908 333 963 393 hoc
975 333 1094 394 insiticio

94 427 122 478 et
137 416 252 477 inducto
272 427 328 478 tam
346 415 492 495 praeclara
509 432 598 495 opera
614 415 784 493 perfeceris.
814 413 897 477 Vale.

548 540 627 609 ‘1111.

302 648 328 699 c.
346 648 471 700 ruimus
488 647 578 699 sosro
595 643 761 697 suuuoronr
779 644 839 697 suo
861 645 887 699 s,

73 760 87 810 l
156 747 326 811 Varisidium
343 748 485 829 Nepotem
499 746 675 808 validissime
690 744 796 823 diligo,
812 746 904 804 uirum
920 745 1096 826 industrium,

92 843 213 911 rectum,
232 833 379 911 disertum,
397 833 473 913 quod
488 830 562 910 apud
576 848 622 888 me
636 828 685 890 vel
702 828 932 907 potentissimum
945 840 1002 892 est.
1023 831 1097 892 ldem

95 916 127 978 (l.
148 917 312 996 Calvisium,
329 916 561 978 contubernalem
575 931 687 991 meum,
703 913 823 972 amicum
839 922 936 991 tuum,
959 923 1021 975 arta
1034 933 1097 994 pro·

67 1004 250 1079 2pinquitate
267 1001 472 1080 conplectitur:
487 1008 533 1060 est
547 1000 621 1058 euim
637 996 711 1058 iilius
726 998 844 1058 sororis.
867 995 952 1056 Hunc
966 1015 1042 1077 rogo
1056 1017 1098 1060 se·

93 1087 191 1145 mestri
213 1085 354 1145 tribunatu
370 1084 593 1163 splendidiorem
610 1091 640 1142 et
659 1083 712 1143 sibi
729 1089 758 1140 et
772 1079 914 1141 avunculo
933 1099 987 1142 suo
1002 1083 1131 1148 fecissit

93 1166 241 1246 Obligabis
257 1188 320 1248 me,
344 1167 486 1246 obligabis
502 1165 656 1227 Calvisium
672 1174 817 1241 nostrum,
835 1164 979 1242 obligabis
995 1167 1096 1247 ipsun,

68 1258 149 1313 bnon
166 1253 257 1314 miuus
273 1251 405 1314 idoneum
420 1251 580 1312 debitorem
596 1267 678 1330 quam
692 1267 745 1309 nos
760 1257 853 1328 putas.
887 1248 980 1312 blulta
994 1250 1097 1312 bened·

93 1337 135 1394 cia
150 1338 179 1395 in
193 1337 296 1398 multos
321 1335 481 1396 contulisti:
504 1337 593 1396 ausim
614 1332 788 1394 contendere
811 1331 920 1392 nullum
941 1343 972 1396 te
986 1334 1096 1414 molius,

91 1437 184 1499 aeque
201 1421 275 1483 bene
292 1439 376 1481 unum
393 1429 440 1481 aut
457 1418 576 1481 alterum
593 1417 771 1480 conlocassc.
803 1415 885 1477 Vale.

578 1552 613 1611 V.
1104 1520 1130 1574 lt

381 1652 408 1700 C.
427 1650 552 1702 PLINIUS
571 1649 694 1702 SPARSO
710 1650 769 1702 SUO
785 1650 811 1701 S.

69 1760 84 1810 1
156 1753 323 1815 Aeschinen
333 1753 707 1833 aiuntpetentibusllhodiis
719 1755 827 1834 legisse
841 1757 1001 1818 orationem
1012 1772 1096 1833 suum,

68 1837 195 1898 2deinde
209 1837 424 1917 Demosthenis,
440 1840 555 1900 summis
566 1848 713 1919 utramque
729 1839 908 1903 clamoribus.
941 1840 1030 1915 Quod
1043 1850 1098 1900 tau·

91 1931 185 1982 torum
204 1923 328 1983 virorum
349 1926 463 2003 scriptis
481 1925 638 2001 contigisse
657 1941 715 1984 non
729 1926 833 2002 miror,
856 1943 922 1985 cum
943 1927 1132 1986 orationemtt

90 2023 182 2067 meam
199 2009 329 2086 proxime
348 2009 506 2070 doctissimi
526 2008 655 2068 homines
677 2008 733 2067 hoc
750 2008 863 2086 studio,
889 2009 948 2069 boo
964 2011 1096 2085 adsensu,

89 2091 148 2152 hoc
167 2094 250 2153 etiam
266 2092 366 2155 labore
382 2113 435 2173 per
452 2093 567 2154 biduum
585 2090 737 2169 audierint,
761 2093 889 2171 quamvis
912 2095 1098 2154 intentionem

94 2194 193 2236 eorum
206 2177 283 2236 nullu
298 2177 363 2236 hinc
377 2188 407 2238 et
423 2177 489 2236 inde
507 2174 640 2254 collatio,
663 2175 770 2236 nullum
792 2178 873 2255 quasi
892 2187 1040 2255 certamen
1055 2193 1097 2236 ao·

67 2259 241 2320 eoenderet.
285 2258 357 2318 Nam
384 2259 488 2318 Rhodii
509 2276 572 2318 cum
595 2261 667 2338 ipsis
689 2259 846 2321 orationum
867 2262 1023 2323 virtutibus
1045 2269 1099 2321 tum

91 2343 175 2401 etiam
198 2345 415 2421 comparationis
438 2342 546 2403 aculeis
569 2344 782 2423 excitabantur,
803 2353 901 2406 nostra
924 2348 1018 2407 oratio
1040 2347 1133 2408 cincti

90 2424 286 2485 aemulationis
301 2428 390 2503 gratia
405 2427 585 2506 probabatur.
607 2427 652 2486 An
668 2431 781 2506 merito,
800 2431 890 2508 scies,
908 2447 975 2489 cum
991 2430 1097 2508 legeris

89 2506 203 2585 librum,
223 2511 302 2570 cuius
317 2511 472 2589 amplitudo
488 2529 546 2572 uon
561 2511 628 2570 sinit
642 2530 688 2572 me
704 2511 835 2590 longiore
848 2512 973 2593 epistula
988 2511 1098 2594 praelo·

66 2593 148 2672 dqui.
185 2592 307 2673 Oportet
327 2597 401 2657 euim
416 2614 469 2657 nos
493 2599 522 2656 in
540 2593 594 2653 hac
615 2604 695 2655 certe
710 2598 738 2655 in
755 2614 809 2674 qua
825 2613 981 2675 possumus
995 2598 1098 2658 breves

89 2695 174 2758 esse,
193 2696 250 2759 quo
266 2681 301 2740 sit
317 2683 478 2742 excusatius
501 2678 577 2760 quod
595 2676 697 2738 librum
712 2681 821 2760 ipsum,
842 2699 899 2742 nou
916 2691 1012 2742 tamen
1027 2680 1099 2741 ultra

90 2779 193 2825 causae
207 2764 422 2844 amplitudinem
436 2764 624 2826 extendimus.
657 2762 737 2824 Vale.
1105 2765 1133 2821 it

557 2894 606 2958 Vl.

335 2997 362 3046 s.
380 2995 505 3048 romnus
521 2995 607 3048 numo
626 2994 747 3047 nnsour
765 2995 825 3048 suo
841 2994 867 3045 S.

62 3102 78 3156 1
151 3090 239 3152 Tusci
259 3093 395 3171 grandine
418 3096 552 3174 excussi,
574 3097 603 3155 in
622 3097 744 3173 regione
769 3093 969 3175 Transpadana
992 3115 1099 3159 summa

88 3173 255 3236 abundantia
276 3176 328 3237 sed
349 3196 401 3256 par
418 3178 512 3240 vilitas
532 3181 688 3241 nuntiatur:
706 3180 800 3241 solum
818 3180 886 3240 mihi
898 3179 1133 3246 Laurentinumtt

1102 685 1116 737 5

61 3269 182 3320 tmeom
196 3261 225 3318 in
245 3259 348 3321 reditu.
381 3261 458 3322 Nihil
475 3261 589 3341 quidem
602 3263 642 3322 ibi
664 3265 802 3342 possideo
815 3274 934 3344 praeter
946 3275 1058 3328 tectum
1072 3276 1099 3328 et

86 3341 199 3404 hortum
212 3345 362 3425 statimque
373 3345 504 3424 harenas,
517 3344 609 3406 solum
620 3356 713 3408 tamen
724 3349 791 3409 mihi
802 3351 830 3408 in
841 3349 945 3411 reditu.
968 3350 1013 3411 lbi
1025 3353 1099 3412 euim

76 3426 235 3504 plurimum
247 3431 349 3494 scribo
366 3449 422 3493 nec
439 3447 559 3512 agrum,
615 3449 661 3493 em
672 3450 733 3493 non
744 3433 862 3511 liabeo,
875 3433 933 3494 sed
942 3436 1038 3513 ipsum
1053 3454 1098 3496 mc
