2400 3840
95 168 137 231 46
524 163 556 225 G.
580 161 677 224 PLINI

95 322 165 383 intra
181 319 395 381 contubernium
412 328 488 378 tuum
502 317 602 394 tenuit,
617 326 824 396 praeceptores
840 317 915 377 domi
929 315 1038 396 habuit,
1052 317 1096 379 uhi
1117 320 1126 328 ‘
1165 382 1167 387 ,

96 415 140 466 est
156 404 301 464 erroribus
319 402 429 461 modica
444 401 492 463 vel
508 402 590 460 etiarn
600 399 682 460 'nulls
698 402 823 461 materia.
856 398 916 460 lma
930 400 1024 462 studia
1038 403 1096 463 eius
1164 392 1167 455 l

96 497 175 554 extra
189 487 274 547 limen
291 485 462 565 proferenda
478 494 553 560 sunt,
571 486 625 544 iarn
643 483 919 563 circumspiciendus
936 485 1037 545 rhetor
1049 484 1095 547 be
1163 468 1167 589 l:

1165 590 1167 625 Ι

94 575 187 649 tinus,
204 571 285 631 cuius
300 569 417 630 scholae
429 570 585 645 severitas,
609 566 717 646 pudor,
739 568 879 647 inprimis
899 570 1018 629 castitas
1033 586 1095 630 con

67 665 162 730 4stet.
195 653 285 715 Adest
301 656 375 713 enim
396 652 573 714 adulescenti
586 661 684 712 nostro
701 668 765 711 cunr
782 653 888 713 ceteris
903 662 1022 713 uaturse
1041 653 1115 715 ior-5
1164 678 1167 727 ξ

94 750 235 818 tunaeque
256 738 369 799 dotibus
387 739 487 797 eximia
503 738 632 814 eorporis
648 734 846 814 pulchritudo,
868 737 915 796 oui
936 737 966 796 iu
986 735 1094 797 bools·
1165 746 1167 813 ξ

95 824 174 883 brico
192 825 291 884 aetatis
308 840 364 881 non
378 831 551 900 praeceptor
565 819 649 878 modo
665 818 717 879 sed
730 828 828 880 custos
843 821 928 879 etium
942 830 1094 899 rectorque
1155 838 1167 913 ,q

68 906 272 987 5quaerendus
293 915 348 964 est.
382 903 489 962 Videor
509 919 580 979 ergo
601 902 795 963 demonstrare
816 903 866 962 tibi
891 920 982 981 posse
999 903 1094 964 Iulium
1165 938 1167 943 ·

94 991 267 1052 Genitorem.
287 987 405 1046 Amatur
418 1004 436 1046 a
449 1005 510 1055 me;
530 985 635 1046 iudicio
652 995 745 1047 temen
762 1004 826 1046 meo
840 1004 898 1046 non
914 987 1011 1048 obstat
1028 989 1093 1048 cari·
1164 982 1167 1057 ff

93 1085 135 1133 tas
151 1073 282 1146 hominis,
299 1088 371 1148 quae
386 1087 422 1129 ex
433 1068 536 1128 iudicio
547 1077 610 1127 nata
622 1080 676 1129 est.
697 1069 748 1128 Vir
759 1080 804 1131 est
815 1069 982 1132 emendatus
993 1081 1024 1132 et
1034 1084 1125 1150 gua-lt
1165 1080 1167 1089 '

92 1157 153 1232 vis,
177 1152 262 1234 paulo
279 1156 363 1212 etiam
382 1152 522 1212 horridior
533 1161 561 1212 et
574 1150 678 1230 durior,
695 1162 725 1214 nt
741 1154 769 1213 in
789 1152 842 1215 hac
857 1153 975 1215 licentia
988 1163 1093 1235 tempo·

67 1256 164 1311 qrum.
198 1236 338 1310 Quantum
353 1235 516 1315 eloquentia
530 1235 623 1295 valeat
637 1236 766 1315 pluribus
782 1236 904 1298 credere
919 1248 1021 1317 potes;
1036 1256 1093 1299 nrm

94 1321 205 1383 dicendi
221 1319 340 1382 facultas
355 1330 452 1399 aperta
470 1329 499 1380 et
517 1322 648 1399 exposita
663 1323 756 1381 statim
774 1323 914 1381 cernitur:
936 1325 995 1383 vita
1009 1322 1092 1383 bomi-

92 1425 156 1465 num
172 1406 246 1466 altos
260 1423 396 1466 recessus
412 1422 584 1483 magnasque
605 1403 729 1465 latebras
743 1404 844 1473 babet;
871 1407 954 1466 cuius
968 1424 1023 1486 pro
1040 1404 1092 1466 (ie-

91 1493 182 1551 nitore
198 1509 243 1551 me
261 1507 430 1569 sponsorem
441 1491 553 1566 accipe.
584 1485 659 1546 Nihil
676 1507 713 1548 ex
730 1488 786 1548 hoc
802 1490 864 1548 viro
877 1488 952 1551 lilius
967 1499 1032 1552 tuus
1047 1507 1090 1550 an·
1098 1506 1123 1559 15

92 1574 149 1635 diet
160 1576 215 1634 nisi
231 1573 424 1651 profuturum,
445 1570 513 1630 nihil
530 1571 621 1631 discet
636 1572 713 1650 quod
727 1573 858 1634 nescisse
874 1575 985 1635 rectius
1000 1575 1090 1652 iuen't,

66 1671 145 1726 onec
163 1659 253 1715 minus
270 1673 359 1734 saepe
373 1656 408 1715 ab
420 1654 470 1715 illo
489 1672 571 1734 quam
585 1674 601 1714 a
617 1665 646 1715 te
662 1674 765 1734 meque
780 1656 980 1718 admonebitur
995 1658 1091 1738 quibus

90 1739 258 1816 imaginibus
275 1747 419 1817 oneretur,
437 1757 510 1817 quae
521 1740 631 1799 nomina
646 1748 675 1800 et
687 1749 789 1818 quanta
803 1741 952 1801 sustineat.
975 1741 1090 1803 Proinde

90 1822 251 1883 faventibus
272 1822 324 1882 diis
342 1821 420 1882 trade
438 1840 502 1881 eum
521 1825 720 1902 praeceptori,
743 1843 759 1883 a
780 1841 836 1903 quo
851 1841 949 1886 mores
964 1826 1089 1905 primunr,

89 1923 156 1966 mox
167 1905 356 1985 eloquentiam
368 1906 468 1984 discat,
480 1925 553 1985 quae
564 1906 638 1966 male
650 1909 710 1967 sine
722 1909 848 1968 moribus
862 1908 992 1970 discitur.
1012 1909 1088 1970 Vale.
1096 1917 1124 1970 it

556 2039 620 2099 llll.

351 2140 379 2194 c.
398 2138 526 2191 ruimus
544 2138 690 2190 uncnmo
705 2137 767 2216 ,suo
787 2138 814 2189 s

63 2248 93 2307 l'
151 2242 283 2315 Quamvis
306 2253 335 2303 et
356 2243 438 2302 amici
458 2259 530 2321 quos
551 2252 719 2320 praesentes
739 2242 877 2302 habebam
897 2251 927 2302 et
944 2261 1088 2305 sermones

88 2325 229 2386 homiuum
249 2325 354 2384 factum
374 2343 467 2384 meum
489 2327 684 2404 comprobasse
704 2327 867 2403 rideantur,
891 2329 986 2406 magni
1000 2338 1122 2392 tomento

62 2411 206 2474 raestimo
222 2410 297 2469 scire
313 2408 380 2487 quid
394 2410 499 2469 sentias
514 2419 554 2469 tu.
584 2409 656 2470 Nam
673 2412 753 2470 cuius
767 2412 877 2487 integra
892 2428 925 2471 re
942 2411 1087 2473 consilium

88 2494 238 2571 exquirere
254 2502 415 2570 optassem,
436 2493 518 2554 huius
535 2495 619 2555 etiam
636 2503 752 2574 peracta
772 2491 1007 2556 iudiciumnosse
1021 2497 1088 2555 mire
1110 2566 1114 2573 ⁴

88 2577 273 2654 concupisco.
306 2574 375 2636 Cum
397 2577 541 2655 publicum
557 2595 630 2655 opus
647 2596 710 2637 mea
726 2578 847 2656 pecunia
863 2577 1048 2640 inchoaturus
1061 2581 1088 2639 in

86 2659 195 2723 Tuscos
205 2663 432 2721 excucurrissem
443 2671 577 2739 accepto,
589 2670 619 2720 ut
627 2660 791 2739 praelectus
803 2662 904 2738 aerari,
916 2666 1086 2740 commeatu,

85 2743 171 2822 legati
192 2747 357 2824 provinciae
378 2745 511 2805 baeticae
538 2747 665 2823 questuri
692 2745 727 2805 de
754 2744 958 2824 proconsulatu
979 2744 1124 2807 Caecilitt

62 2826 208 2890 30lassici
231 2829 398 2891 advocatum
417 2846 462 2888 me
483 2845 500 2888 a
519 2839 619 2890 senatu
639 2830 790 2907 petierunt.
827 2826 975 2914 Collegae
991 2831 1088 2910 optimi

86 2912 384 2988 meiqueamantissimi
392 2913 428 2974 de
436 2914 590 2973 eommunis
598 2912 685 2972 oitlcii
696 2912 917 2973 necessitatibus
927 2912 1087 2992 praelocuti

87 3012 224 3055 excusare
240 3015 285 3056 me
300 3008 329 3058 et
345 2999 470 3058 eximere
485 3004 665 3073 temptarunt.
697 2995 813 3057 Factum
829 3004 874 3056 est
887 3007 1006 3058 senatus
1021 3015 1087 3058 oon·

86 3077 191 3137 sultum
206 3095 341 3158 perquam
355 3081 551 3157 honorificum,
566 3088 596 3138 ut
611 3080 694 3140 darer
706 3078 927 3158 provincialibus
938 3091 1086 3159 patronus,

59 3163 108 3222 lsi
120 3162 156 3222 ab
176 3162 241 3240 ipso
257 3181 303 3224 me
322 3166 533 3243 impetrassent.
565 3161 663 3240 begali
684 3180 781 3223 rursus
801 3163 906 3223 inducti
923 3165 1027 3224 iterum
1041 3173 1124 3228 meaa

85 3245 139 3304 iam
160 3255 340 3325 praesentem
359 3248 526 3309 advocatum
548 3247 777 3325 postulaverunt,
804 3245 980 3324 inplorantes
1002 3249 1086 3308 iidem

84 3344 184 3406 meam,
202 3348 283 3408 quem
298 3341 395 3392 essent
410 3342 508 3392 contra
523 3330 644 3390 Massam
657 3331 792 3391 Baebio!
808 3332 935 3408 experti,
951 3331 1086 3410 adlegan-

83 3421 127 3472 tes
138 3416 280 3492 patroeini
298 3415 412 3478 foedus.
445 3416 552 3476 Secuta
566 3424 612 3476 est
632 3425 749 3476 senatus
765 3413 920 3474 clarissima
937 3414 1085 3492 adsensio,
