2400 3840
123 181 162 250 5⁵?
549 180 583 243 C.
605 173 702 242 PLllll

97 343 220 405 atcneat
241 334 362 394 modum.
395 333 484 395 Emut
500 333 594 394 cilicia
609 333 791 410 antelucana,
812 335 841 393 in
856 352 929 412 quae
943 333 1072 396 incidere
1087 335 1125 395 in·

124 436 199 499 pune
214 436 250 479 ne
265 416 365 479 Catoni
380 420 493 499 quidem
507 418 597 496 licuit,
614 435 697 498 quem
708 428 801 478 tamen
814 415 846 477 0.
860 415 969 479 Caesar
980 420 1019 479 lta
1031 435 1125 496 repre·

97 501 220 574 alendit
235 512 265 563 ιιι
280 502 382 563 laudet.
404 503 550 565 Describit
565 505 639 563 enim
654 518 705 561 eos
720 502 822 580 quibus
839 501 942 563 obulus
958 502 1051 563 luerat
1066 520 1125 562 cum

124 583 1124 733 “utilitittti‘tli³stultit„lilttitlittttii

123 689 188 832 plu:
203 756 376 815 auctoritatis
390 718 475 816 t’ribui
495 754 595 817 Catoni
617 769 699 834 quam
720 753 745 812 si
761 686 857 812 egrius
874 716 1064 832 quoquotum
1075 697 1143 816 vc·6

96 837 256 898 duerabilis
272 836 354 899 erati
375 837 496 898 Nostrae
519 847 611 900 tamen
633 855 722 899 cenae
742 844 774 895 ut
787 847 939 916 apparatus
955 847 987 899 et
1002 839 1122 916 inpendii

122 924 166 982 sic
180 922 318 1000 temporis
339 920 439 980 modus
460 930 581 982 constet.
613 920 716 1001 Neque
731 922 806 980 enlm
819 922 838 980 ii
852 938 950 980 sumus
966 938 1040 1000 quos
1056 924 1121 983 vitu-

122 1023 274 1084 perurere
290 1006 393 1064 inimici
409 1004 523 1083 quidem
543 1008 654 1082 possint
673 1006 727 1065 nisi
741 1013 771 1064 ut
787 1004 870 1064 simul
884 1004 1011 1066 laudent.
1044 1006 1120 1068 Vale.

586 1135 663 1197 ιιιιι.
1013 1136 1015 1138 ’
1128 1109 1153 1162 ¹⁰

319 1237 346 1290 (l.
365 1237 490 1289 PLINIUS
506 1236 647 1290 VOGONIO
665 1238 800 1292 ROMANO
817 1237 923 1292 SUOS.

98 1351 111 1401 1
184 1339 296 1400 Libmm
318 1357 374 1421 quo
394 1358 485 1420 nuper
500 1341 606 1420 optimo
620 1342 742 1420 principi
760 1340 860 1401 consul
874 1342 982 1419 gratias
1002 1343 1050 1420 egi
1063 1342 1120 1404 misi
1140 1391 1143 1400 .

95 1426 247 1502 derigenti
261 1425 328 1503 tibi,
344 1427 498 1503 missurus,
514 1426 568 1485 etsi
583 1441 639 1484 non
655 1428 815 1502 exegisses.
838 1422 871 1484 ln
884 1425 942 1485 hoc
956 1425 1121 1486 consideres
1160 1429 1163 1436 '

120 1509 206 1570 velim
221 1519 251 1570 ιιι
266 1508 502 1588 pulchritudinem
523 1511 657 1569 materiae
679 1510 717 1569 ita
732 1507 935 1569 difficultatem.
970 1507 1004 1568 la
1020 1510 1152 1575 cetensis

121 1595 195 1653 enim
215 1593 353 1653 lectorem
374 1594 484 1656 novitas
506 1593 569 1669 ipsa
589 1594 726 1653 intentum
745 1592 848 1669 hahet,
870 1594 898 1652 in
913 1592 968 1653 hac
983 1602 1050 1653 nota
1064 1593 1120 1653 vul·

120 1685 185 1753 gata
201 1675 276 1736 dicta
292 1684 355 1735 sunt
370 1677 476 1743 omnia;
500 1692 556 1753 qun
576 1676 606 1735 lit
619 1684 650 1735 ut
667 1677 747 1754 quasi
762 1677 872 1739 otiosus
888 1692 1068 1756 securusque
1083 1677 1121 1737 le·

122 1767 185 1817 ctor
200 1766 305 1818 tantum
321 1757 474 1819 elocutioni
489 1767 590 1836 vacet,
613 1761 710 1838 inqua
726 1759 893 1821 satisfacere
908 1759 1053 1822 difficilius
1068 1769 1119 1838 est,

95 1848 185 1902 acum
200 1840 261 1902 sola
275 1843 445 1903 aestimatur.
472 1841 567 1922 Atque
582 1845 686 1902 utinam
701 1843 771 1905 ordo
788 1843 888 1905 saltem
903 1853 934 1903 et
947 1847 1080 1905 transitus
1093 1852 1120 1904 et

119 1925 227 2003 figurae
242 1925 321 1985 simul
336 1926 547 2005 spectarentur!
567 1926 637 1986 Nam
651 1929 778 1988 iuvenire
792 1927 959 2008 praeclare,
977 1931 1153 1999 enuntiarem

30 2086 33 2091 Ι
119 2010 268 2088 magnillce
283 2011 421 2072 interdum
437 2014 520 2072 etiam
535 2011 645 2072 barbari
657 2011 771 2090 solent,
786 2012 941 2090 disponere
956 2021 1037 2091 apte,
1052 2015 1118 2091 ugu-

94 2100 183 2156 lrare
198 2097 275 2155 varie
289 2097 342 2155 nisi
358 2095 474 2157 eruditis
489 2106 622 2174 negatum
638 2104 692 2157 est,
714 2095 778 2156 Nec
792 2112 861 2156 vern
877 2094 1119 2157 adfectandasunt

120 2197 236 2257 semper
251 2179 323 2239 elata
339 2191 368 2241 et
383 2180 510 2240 excelsa.
531 2179 602 2239 Nam
615 2189 646 2240 ut
661 2182 812 2260 inpletura
826 2180 920 2240 lumen
935 2188 993 2240 uon
1007 2181 1061 2242 alia
1073 2197 1117 2239 res

118 2264 208 2338 magis
222 2279 304 2339 quam
318 2263 416 2321 umbra
432 2263 624 2340 commendat,
646 2266 684 2323 ita
705 2265 860 2324 orationem
873 2273 930 2324 tam
946 2269 1118 2326 summittere

93 2350 201 2423 dquam
215 2343 345 2403 attollere
361 2344 454 2404 decet.
477 2345 537 2404 Sed
551 2345 617 2424 quid
628 2363 684 2425 ego
696 2348 767 2407 haec
780 2348 945 2410 doctissimo
956 2347 1041 2410 vuol
1056 2349 1152 2428 quinio

120 2429 214 2504 potius
236 2426 323 2503 illud,
343 2426 445 2488 adnata
460 2447 532 2508 quae
547 2432 689 2508 putaveris
706 2432 884 2509 corrigenda.
917 2431 959 2493 lta
974 2436 1050 2507 euim
1064 2449 1117 2491 ma·

117 2511 163 2588 gis
179 2508 291 2653 creqap
308 2519 403 2572 cetera
419 2513 468 2572 tibi
483 2513 609 2593 placere,
625 2517 650 2574 si
666 2514 803 2595 quaedam
818 2515 1000 2594 displicuisse
1014 2533 1118 2595 cogno·

117 2611 197 2656 uero.
254 2612 307 2654 ae.

568 2732 623 2792 XII
653 2779 661 2794 .

404 2827 434 2880 c.
452 2829 578 2882 nuruuus
595 2730 703 2884 agino
722 2802 823 2886 suos,

92 2941 107 2992 1
178 2933 249 2991 Rem
264 2943 389 2993 atrocem
403 2951 458 2994 uec
473 2943 579 2995 tantum
594 2934 717 3013 epistula
732 2934 843 3012 dignam
856 2933 974 3012 Largius
986 2935 1118 3014 Macedo,

117 3017 160 3074 vir
180 3018 357 3093 praetorius,
377 3033 393 3076 a
407 3019 497 3078 servis
513 3021 571 3078 suis
586 3037 689 3096 passus
706 3029 768 3096 est,
786 3019 927 3097 superbus
948 3019 1056 3100 alioqui
1070 3020 1118 3081 do-

117 3098 207 3157 miuus
223 3107 251 3157 et
266 3116 369 3159 saevus
385 3109 414 3160 et
429 3103 476 3177 qui
491 3104 619 3163 servisse
633 3110 742 3180 patrem
758 3121 837 3161 suum
853 3121 962 3182 pamm,
978 3106 1064 3168 immo
1079 3105 1118 3164 ni-

91 3183 201 3241 tmium
221 3183 404 3243 meminisset.
436 3181 591 3246 lavabatur
609 3184 638 3243 in
650 3184 717 3244 villa
736 3184 897 3246 Formiana:
917 3198 1039 3267 repente
1056 3191 1152 3248 eumtl

117 3266 193 3327 servi
218 3265 438 3326 circumsistunt:
464 3268 535 3328 alius
555 3267 654 3327 fauces
675 3269 795 3346 invadit,
824 3270 896 3330 aliu's
917 3287 950 3330 os
971 3273 1115 3348 verberat,

116 3346 187 3409 alius
202 3358 306 3429 pectus
322 3357 351 3408 et
365 3360 494 3410 ventrem
507 3361 593 3428 atque
616 3352 717 3429 etiam,
740 3353 855 3413 foedum
875 3355 969 3433 dictu,
991 3355 1117 3416 verenda

117 3431 275 3502 contundit;
299 3442 327 3493 et
342 3451 405 3493 cum
419 3435 574 3493 exanimem
588 3443 735 3514 putarent,
757 3439 880 3497 abiciunt
893 3440 921 3497 in
936 3439 1053 3500 lervens
1068 3457 1116 3520 pa·

1192 3452 1196 3585 l
