2400 3848
421 200 684 264 EPISTULARUM
697 203 720 264 1.
741 213 768 268 8.
1079 203 1100 268 7

92 357 171 418 licile
187 365 232 417 est
248 357 380 433 optinere
395 373 432 416 ne
449 355 571 416 molesta
583 357 713 417 videatur
727 359 819 423 oratio
834 356 871 418 de
883 376 915 418 sa
930 366 978 417 aut
990 358 1025 417 de
1037 359 1098 419 suis

92 436 284 503 disserentis?
304 438 375 500 Nam
389 456 453 499 cum
469 440 525 516 ipsi
540 438 683 500 honestati
697 449 756 500 tum
770 439 913 519 aliquanto
926 442 1017 518 magis
1034 441 1098 519 glo·

91 529 152 585 riae
178 525 241 585 eius
260 522 524 601 praedicationique
545 520 704 585 invidemus
722 533 807 602 atque
826 541 860 585 ea
883 523 995 585 demum
1016 535 1097 585 reete

91 608 167 669 iacta
187 608 280 668 minus
301 606 505 685 detorquemus
529 614 560 664 et
582 608 723 685 carpimus
746 608 863 686 quaein
879 608 1053 670 obscuritate
1069 618 1098 669 et

68 691 213 753 tsilentio
225 700 410 768 reponuntur.
432 689 494 762 Qua
508 707 546 751 ex
561 705 646 751 causa
660 708 749 769 saepe
760 693 956 769 ipsemecum,
974 692 1121 756 nobisuet

92 784 211 851 tantum,
228 773 365 852 quidquid
377 781 423 834 est
437 774 524 851 istud,
540 777 732 852 conposuisse
747 793 781 835 an
798 784 828 835 et
842 774 905 836 aliis
921 772 1097 836 debeamus?

91 858 130 919 Ut
143 858 240 934 nobis,
256 857 388 918 admonet
403 856 485 934 illud,
504 857 581 936 quod
596 857 734 937 pleraque
749 876 823 937 quae
835 867 901 919 sunt
915 860 1042 936 agendae
1053 859 1097 919 rei

90 942 256 1002 necessaria
278 941 378 1001 eadem
401 950 516 1019 peracta
536 960 591 1002 nec
612 941 762 1003 utilitatem
785 959 883 1021 parem
903 960 959 1002 neo
981 945 1098 1020 gratiam
1168 1008 1171 1011 ,

91 1027 226 1086 retinent.
258 1023 303 1084 Ac
323 1042 359 1085 ue
375 1023 490 1102 longius
509 1026 640 1104 exempla
654 1035 836 1105 repetamus,
850 1025 918 1105 quid
933 1027 1029 1087 utilius
1044 1026 1121 1090 tutta

48 1122 84 1174 10
93 1126 176 1187 quam
196 1108 404 1168 munificentiae
425 1110 564 1170 rationem
585 1111 670 1171 etiam
692 1111 760 1172 stilo
784 1106 943 1189 prosequi?
964 1110 1021 1170 Per
1040 1109 1109 1169 hoc-

93 1193 168 1252 enim
182 1191 426 1270 adsequebamur,
448 1194 568 1270 primum
583 1203 613 1254 ut
626 1193 756 1257 honestis
771 1194 994 1272 cogitationibus
1008 1192 1097 1253 iumo'-

91 1293 235 1353 raremur,
261 1274 363 1336 deiude
385 1285 417 1336 ut
439 1275 678 1354 pulchritudinem
692 1277 803 1338 illamm
824 1278 957 1355 longiore
978 1286 1097 1336 tractatu

92 1360 327 1437 pervideremus,
346 1368 493 1437 postremo
508 1370 539 1421 ut
553 1361 664 1422 subitae
678 1361 837 1439 largitionis
854 1363 986 1421 comitem
1001 1361 1096 1438 paeni·

73 1444 209 1503 tentiam
232 1459 409 1503 caveremus.
441 1442 620 1504 Nascebatur
641 1462 678 1503 ex
699 1444 744 1505 his
768 1446 937 1505 exercitatio
960 1443 1098 1522 quaedam

50 1534 83 1587 15
92 1525 320 1586 contemnendae
340 1526 491 1603 pecuniae.
519 1525 590 1586 Nam
608 1544 673 1586 cum
690 1544 791 1590 omnes
803 1528 935 1589 homiues
950 1528 986 1586 ad
1001 1537 1120 1592 custo-9

93 1611 167 1669 diam
186 1609 251 1668 eius
266 1617 363 1669 natura
383 1611 580 1688 restrinxerit,
605 1627 658 1672 nos
673 1621 772 1671 oontm
786 1613 902 1672 multum
916 1629 951 1671 ac
963 1611 1010 1672 diu
1026 1628 1096 1689 pen·

92 1694 194 1754 sitatus
211 1708 290 1751 amor
304 1691 482 1754 liberalitatis
498 1695 692 1756 communibus
706 1697 838 1757 avaritiae
850 1695 973 1757 vinculis
990 1696 1096 1756 exime-

92 1778 156 1853 bat,
184 1785 319 1854 tantoque
343 1775 512 1837 laudabilior
532 1779 724 1840 munificentia
739 1789 836 1841 nostra
856 1779 920 1840 lore
934 1778 1095 1856 videbatur,

92 1859 171 1938 quod
190 1859 225 1918 ad
249 1858 325 1919 illam
343 1877 400 1920 non
421 1862 528 1939 impetu
549 1862 670 1941 quodam
692 1863 745 1925 sed
763 1863 886 1924 oonsilio
907 1862 1095 1925 trahebamur.

49 1943 260 2003 dohocedebat
273 1943 319 2004 his
340 1945 434 2005 causis
452 1944 530 2023 quod
547 1964 603 2005 non
621 1945 705 2007 ludos
721 1957 769 2007 aut
783 1946 958 2026 gladiatores
974 1947 1026 2007 sed
1048 1960 1140 2011 an-1o

91 2044 165 2087 nuos
181 2037 311 2105 sumptus
332 2028 359 2086 in
377 2026 508 2088 alimenta
528 2029 716 2106 ingenuorum
738 2030 956 2108 pollicebamur.
990 2028 1095 2089 Oculo·

91 2128 154 2170 rum
177 2127 264 2187 porro
280 2120 310 2170 et
330 2112 438 2170 aurium
461 2110 625 2188 voluptates
647 2113 720 2173 adeo
736 2131 793 2172 non
815 2122 903 2190 egent
917 2111 1094 2173 commenda·

91 2195 189 2271 tione,
212 2201 314 2253 utnon
331 2202 387 2253 tam
401 2195 511 2255 incitari
531 2193 653 2256 debeant
669 2197 796 2256 oratione
815 2213 898 2275 quam
914 2196 1045 2273 reprimi:
1064 2204 1095 2255 ut
1105 2209 1137 2260 11

91 2294 163 2338 vero
185 2275 290 2355 aliquis
310 2275 433 2337 libenter
455 2277 633 2340 educationis
653 2279 775 2340 taedium
794 2279 981 2358 laboremque
1003 2280 1095 2338 susci·

48 2371 82 2423 25
92 2362 170 2440 piat,
190 2377 246 2420 non
262 2362 395 2439 praemiis
415 2361 502 2422 modo
518 2365 715 2423 verumetiam
729 2364 879 2442 exquisitis
893 2363 1094 2424 adhortationi·

91 2447 145 2505 bus
167 2444 366 2521 inpetrandam
382 2454 437 2505 est.
468 2444 540 2505 Nam
557 2449 582 2507 si
600 2446 704 2507 medici
720 2447 860 2525 salubres,
878 2447 930 2509 sed
946 2445 1095 2524 voluptate
1104 2457 1138 2511 12

92 2537 224 2588 carentes
239 2528 319 2588 cibos
336 2527 532 2591 blandioribus
547 2529 690 2608 adloquiis
702 2541 903 2609 prosecuntur,
920 2539 1023 2610 quanto
1037 2547 1094 2589 ma·

91 2614 137 2689 gis
147 2611 245 2671 decuit
254 2611 371 2689 publice
384 2611 583 2675 consulentem
594 2614 774 2677 utilissimum
784 2614 1022 2692 munus,·seduon
1030 2631 1093 2691 per·

91 2694 158 2755 iude
185 2694 326 2773 populare
346 2698 478 2756 comitate
501 2699 637 2758 orationis
658 2696 815 2758 inducere?
841 2701 1009 2777 praesertim
1031 2712 1094 2754 cum

46 2792 84 2848 so
92 2778 254 2839 enitendum
270 2779 440 2841 haberemus
454 2789 486 2840 ut
503 2781 580 2859 quod
593 2783 758 2859 parentibus
770 2783 887 2843 dabatur
898 2790 927 2842 et
938 2781 1016 2840 orbis
1029 2795 1094 2857 pro·

90 2863 223 2939 baretur,
249 2862 445 2942 honoremque
468 2882 623 2943 paucorum
646 2868 736 2926 ceteri
757 2869 900 2944 patienter
915 2874 944 2924 et
959 2872 1094 2942 expecta·

89 2954 154 3006 rent
168 2955 198 3006 et
214 2956 401 3007 mererentur.
423 2947 482 3008 Sed
493 2957 524 3007 ut
538 2957 606 3008 tune
621 2950 815 3010 communibus
829 2949 919 3025 magis
938 2948 1094 3007 commodis
1103 2958 1137 3011 13

90 3047 175 3109 quam
197 3031 326 3107 privatae
342 3032 493 3091 iactantiae
515 3032 709 3110 studebamus,
733 3050 797 3092 cum
816 3033 1002 3092 intentionem
1023 3031 1092 3092 effe·

92 3123 228 3192 ctumque
242 3115 368 3176 muneris
384 3117 474 3176 nostri
488 3115 630 3177 vellemus
644 3115 785 3193 intellegi,
800 3117 840 3176 ita
852 3133 927 3186 [ωηο
941 3117 970 3174 in
984 3117 1094 3175 ratione

46 3207 81 3261 35
92 3197 197 3260 edendi
212 3216 345 3259 veremur
363 3216 401 3258 ne
415 3197 490 3259 iorte
504 3216 560 3259 nou
575 3199 694 3259 aliorum
708 3199 875 3260 utilitatibus
892 3199 944 3260 sed
959 3199 1093 3277 propriae

90 3281 166 3342 laudi
180 3283 308 3343 servisse
325 3281 480 3343 videamur.
511 3282 663 3344 Praeterea
676 3285 853 3344 meminimus
867 3291 972 3361 quanto
987 3283 1093 3340 maiore
1103 3291 1136 3342 lt

90 3367 184 3426 animo
201 3365 358 3427 honestatis
374 3364 484 3428 fructus
507 3367 535 3425 in
553 3367 728 3427 conscientia
743 3383 826 3444 mam
844 3368 873 3425 in
887 3365 959 3425 lama
972 3380 1093 3441 repona-

90 3460 147 3511 tur.
168 3449 257 3527 Sequi
273 3450 348 3510 enim
363 3448 470 3530 gloria,
490 3466 548 3510 uon
560 3449 657 3529 adpeti
668 3448 774 3531 debet,
797 3467 853 3511 nec
875 3451 900 3510 si
916 3446 1093 3524 casualiquo
