2400 3840
135 155 197 220 146
560 156 593 219 G.
615 157 711 219 PLINl

107 310 248 382 4oissime
263 318 365 369 tamen.
384 308 426 370 lta
439 310 566 388 adsuevi,
582 318 612 370 et
627 328 701 369 nuno
720 318 819 371 eustos
832 308 925 369 adest.
947 304 1084 384 Gallinam,
1096 314 1119 364 ut

134 410 150 451 a
165 401 194 452 te
210 394 334 471 missam,
350 393 472 454 libenter
484 395 600 473 aceepi3
616 409 698 471 quam
715 395 784 455 satis
799 392 914 453 aeribus
925 391 1028 469 oeulis,
1044 408 1119 470 quam

134 494 216 556 quam
230 476 322 537 adhue
333 477 440 557 lippus,
458 479 669 556 pinguissimam
684 476 749 535 vidi.
782 474 864 536 Vale.

660 610 683 668 1.
1194 665 1198 675 ,

414 710 440 760 o.
457 608 735 760 pnnnsllssrcon
754 705 814 758 sno
832 705 857 756 s.
1127 648 1138 701 ⁵
1194 702 1199 713 ²

108 836 124 886 1
193 809 286 872 llinus
312 812 458 871 miraberis
484 828 529 870 me
553 820 608 870 tam
630 811 767 870 instanter
787 810 899 886 petisse
920 807 1000 867 utin
1022 809 1126 867 amioum

133 911 227 954 meum
244 894 391 955 eoniemes
406 895 588 969 tribunatum,
615 911 679 953 eum
702 893 802 953 scieris
825 893 889 970 quis
911 889 963 950 ille
979 889 1126 973 qualisque.

132 975 252 1037 Possum
267 985 359 1036 antem
374 979 428 1036 iam
442 976 493 1035 tibi
506 984 535 1036 et
546 992 649 1035 nomen
663 974 787 1036 indicare
806 986 835 1036 et
850 974 1022 1035 describere
1033 976 1127 1054 ipsum,
1183 974 1195 1051 l,

109 1069 283 1138 2postquam
306 1058 463 1136 polliceris.
496 1058 549 1119 Est
558 1056 717 1129 ‚Cornelius
736 1057 922 1136 llinieianus,
946 1067 1158 1122 ornamentorum
1188 1094 1197 1135 ι,

132 1143 258 1218 regionis
286 1159 366 1202 meae
389 1160 440 1202 seu
461 1142 596 1221 dignitate
620 1161 671 1204 seu
698 1143 834 1204 moribus.
869 1139 962 1202 Natus
989 1140 1130 1222 splendide
1191 1150 1194 1155 '

133 1225 254 1284 abundat
266 1225 455 1303 facultatibus,
469 1236 542 1286 amat
557 1226 694 1287 studiant
713 1226 808 1288 solent
825 1243 982 1306 pauperes.
1004 1223 1084 1286 Idem
1092 1245 1130 1286 re·

133 1311 276 1370 etissimus
297 1310 398 1386 iudex,
426 1310 597 1372 fortissimus
621 1310 792 1388 advocatus,
816 1312 923 1370 amicus
946 1307 1130 1370 fidelissimus.

105 1392 293 1472 3Aeoepisse
307 1404 336 1454 te
350 1394 520 1455 benelloium
538 1393 657 1471 eredes,
685 1411 749 1453 eum
766 1394 884 1473 propius
907 1395 1073 1471 inspexeris
1087 1393 1131 1452 ho·

131 1479 251 1555 minem,
269 1478 397 1538 omnibus
412 1478 587 1554 honoribus,
604 1477 733 1537 omnihus
748 1477 835 1538 titulis
850 1474 936 1556 (nihil
951 1475 1022 1537 volo
1038 1476 1132 1537 elatius
1139 1478 1164 1534 15

131 1559 168 1621 de
183 1562 391 1622 modestissimo
406 1564 467 1621 viro
486 1562 596 1640 dicere)
612 1578 718 1639 parem.
747 1560 828 1622 Vale.

312 1772 339 1841 o.
359 1788 484 1839 rnrnms
500 1692 833 1841 insufflando
853 1788 913 1841 suo
935 1789 963 1844 s,

104 1905 121 1956 1
195 1885 311 1949 Gaudeo
324 1890 437 1968 quidem
451 1910 518 1952 esse
535 1901 564 1951 te
580 1901 635 1951 tam
651 1892 754 1953 lortem
768 1901 799 1951 ut
811 1890 967 1951 Mediolani
982 1902 1168 1956 oeeumereit

131 1970 227 2032 Tironi
242 1975 354 2051 possis,
375 1973 426 2035 sed
448 1984 478 2034 ut
492 1994 665 2054 perseveres
682 1995 750 2037 esse
764 1987 819 2037 tam
835 1975 932 2052 fortis,
946 1993 1021 2055 rogo
1035 1996 1072 2037 ne
1085 1977 1133 2037 tibi

131 2067 229 2117 eontra
248 2060 386 2119 mtionem
408 2061 508 2119 aetatis
531 2069 635 2120 tantum
656 2058 761 2120 laboris
784 2061 923 2137 iniungas.
957 2058 1033 2133 Quin
1053 2063 1133 2120 immo

131 2140 263 2201 denuntio
280 2152 310 2202 ut
332 2143 411 2203 illum
432 2150 462 2202 et
482 2143 605 2209 domist
625 2145 696 2203 intra
711 2144 822 2203 domum
843 2143 936 2221 adque
960 2146 1046 2204 etiam
1066 2147 1134 2204 intra

101 2225 253 2292 oeubieuli
276 2224 360 2284 limen
382 2235 548 2303 exspectes.
580 2225 693 2286 Etenim
710 2245 772 2287 eum
786 2244 861 2286 ame
877 2236 907 2286 ut
926 2226 1017 2288 irater
1036 2227 1133 2307 diliga-

129 2315 186 2383 tur,
199 2324 255 2365 non
273 2307 358 2367 debet
373 2309 408 2368 ab
423 2325 459 2367 eo
476 2328 558 2387 quem
577 2328 633 2387 ego
648 2313 773 2389 parentis
788 2309 855 2372 loco
873 2311 1000 2372 observo
1016 2313 1168 2390 exigerent

129 2387 253 2447 ollioium
269 2389 344 2468 quod
361 2393 469 2470 parenti
484 2411 536 2453 suo
549 2395 716 2454 remisisset.
747 2393 828 2454 Vale.

570 2524 689 2586 XXllll.

412 2625 439 2679 C.
459 2625 582 2677 PLINIUS
601 2626 723 2677 GEMINO
745 2625 805 2678 SUO
825 2626 851 2679 S.

105 2733 122 2784 1
193 2721 329 2785 Ummidia
341 2722 515 2797 Quadratilla
526 2723 612 2804 paulo
623 2726 713 2787 minus
729 2728 927 2803 octogensimo
944 2729 1045 2789 aetatis
1061 2744 1169 2798 annoso

127 2805 265 2885 decessit,
282 2826 374 2885 usque
389 2807 423 2867 ad
435 2810 616 2870 novissimam
630 2809 811 2870 valitudinem
820 2809 929 2887 uiridis,
946 2811 1040 2890 adque
1049 2813 1132 2872 etiam

101 2889 200 2951 uultra
218 2891 401 2951 matronalem
420 2892 533 2953 modum
555 2903 705 2973 compacto
726 2911 848 2971 corpore
869 2902 899 2953 et
913 2895 1044 2956 robusto.
1075 2894 1131 2955 De·

128 2975 216 3032 cessit
230 2972 431 3035 honestissimo
447 2984 632 3038 testamento:
647 2978 761 3056 reliquit
774 2977 909 3056 heredes,
928 2997 967 3039 ex
982 2979 1071 3040 besse
1082 2997 1130 3039 ne·

128 3064 236 3132 potem,
254 3075 290 3116 ex
305 3060 386 3117 tertia
400 3068 481 3136 parte
494 3069 619 3139 neptem.
650 3060 773 3141 Neptem
788 3080 886 3141 parum
898 3063 976 3140 novi,
994 3072 1131 3142 nepotem

5 3180 22 3192 e
126 3138 342 3200 familiarissime
361 3141 465 3221 diligo,
487 3142 700 3207 adulescentem
713 3145 885 3223 singularem
900 3164 956 3206 nee
973 3147 1008 3207 iis
1024 3155 1167 3210 tanmmao

100 3231 201 3302 3quos
220 3225 355 3300 sanguine
372 3229 483 3304 attingit
497 3228 570 3288 inter
580 3231 755 3309 propinquos
768 3229 921 3290 amandum.
947 3228 992 3290 Ae
1010 3233 1130 3310 primum

127 3309 298 3385 oonspieuus
314 3307 403 3369 forma
423 3328 521 3371 omnes
542 3330 689 3372 sermones
711 3313 895 3391 malignorum
912 3322 942 3373 et
957 3332 1032 3393 puer
1045 3324 1074 3376 et
1088 3317 1130 3377 iu·

124 3393 204 3450 venis
223 3393 328 3452 evasit:
349 3395 420 3452 intra
442 3405 614 3474 quantumst
633 3398 817 3458 vicensimum
833 3415 935 3458 annum
951 3399 1079 3477 maritus,
1099 3408 1129 3462 et
