2400 3840
396 180 661 243 EPISTULARUM
676 180 699 241 l.
721 193 746 246 6.
764 192 789 246 7.
1077 183 1097 243 5

89 343 121 394 ιι
142 333 219 393 idem
238 335 356 411 saepius
377 333 486 413 dicam,
511 343 636 414 expecto
654 333 820 396 Mauricum.
832 389 839 398 ,
851 333 902 394 Vir
921 344 967 396 est
988 336 1096 413 gravis,

89 415 230 497 prudens,
247 415 344 479 multis
359 419 563 496 experimentis
581 417 720 496 eruditus,
737 428 767 479 et
784 420 834 496 qui
847 417 942 479 lutura
954 419 1047 496 possit
1060 436 1103 478 ex>

88 500 256 581 praeteritis
272 500 437 579 providere.
462 499 533 562 blibi
547 510 576 561 et
592 501 746 579 temptandi
760 500 868 581 aliquid
883 512 913 563 et
927 500 1095 580 quiescendi

88 585 142 646 illo
156 592 277 646 auctore
289 586 362 645 ratio
374 585 526 647 constabit.
546 583 625 645 Haec
636 585 689 645 tibi
704 586 819 664 scripsi,
838 587 905 665 quia
918 603 1019 647 aecum
1034 593 1095 645 erat
1105 593 1137 650 17

61 674 117 730 ote
136 685 192 748 pro
209 685 305 729 amore
324 677 422 729 mutuo
444 686 501 729 non
516 667 610 730 solum
625 669 716 729 omnia
731 686 794 728 mea
808 669 882 729 iacta
896 669 1029 748 dictaque
1044 687 1094 730 ve·

87 770 151 814 rum
165 754 251 813 etiam
267 752 387 814 consilia
401 768 591 830 cognoscere·
624 751 707 812 Vale.

570 884 620 945 VI.

290 984 317 1038 G.
337 983 463 1037 PLINIUS
482 982 642 1036 CORNELIO
661 982 777 1035 ΤΑΟΙΤΟ
796 982 856 1036 SUO
870 982 897 1038 S.

47 1089 81 1144 lu
150 1084 290 1164 Ridebis,
306 1096 336 1147 et
354 1086 425 1147 licet
444 1087 550 1148 rideas.
573 1084 638 1164 Ego
657 1084 707 1146 ille
728 1103 813 1187 quem
834 1086 909 1147 nosti
929 1102 1016 1165 apros
1033 1096 1117 1149 tresl

88 1168 472 1249 etquidempulclrerrnmos
490 1170 566 1249 cepi.
587 1166 796 1248 lpse‘lmquis.
825 1167 908 1249 lpse3
929 1178 1095 1230 nontamen

87 1261 119 1313 ut
135 1254 250 1313 omnino
253 1254 299 1336 ab
320 1254 422 1314 inertia
434 1271 498 1315 mea
513 1263 543 1315 et
564 1254 663 1332 quiete
680 1253 870 1314 discederem.
901 1253 947 1314 Ad
961 1255 1033 1315 retia
1048 1273 1095 1315 se·

88 1337 206 1398 deb‘am:
223 1328 325 1397 eratin
341 1339 472 1417 proximo
493 1355 550 1397 non
570 1336 741 1397 venabulum
755 1346 803 1398 aut
817 1337 927 1416 lancea,
945 1338 997 1398 sed
1011 1337 1094 1399 stilus
1176 1370 1179 1375 ·

88 1428 119 1481 et
134 1409 308 1501 pugillares:
319 1421 476 1483 meditabar
486 1420 593 1500 aliquid
605 1421 823 1499 enotabamque,
839 1431 880 1499 ut,
895 1423 921 1482 si
935 1437 1034 1481 manus
1045 1439 1094 1480 va·

54 1515 81 1570 15
88 1521 176 1582 cuns,
193 1494 293 1582 plenas
311 1514 404 1566 tamen
418 1523 499 1566 ceras
516 1513 703 1583 reportarem.
729 1503 794 1564 Non
808 1513 854 1565 est
871 1504 948 1582 quod
965 1513 1091 1564 contem·
1080 1513 1116 1567 -ι

88 1606 138 1649 nas
155 1587 215 1649 boc
227 1588 365 1651 studendi
374 1607 477 1667 genus.
505 1587 607 1649 Mirum
628 1597 674 1648 est
690 1597 721 1647 ut
741 1589 849 1649 animus
864 1589 1018 1666 agitatione
1032 1605 1092 1648 mo·

89 1682 180 1771 tuque
204 1674 337 1752 corporis
362 1675 514 1734 excitetur.
563 1671 622 1749 lam
646 1662 771 1750 undiq'ne
795 1671 885 1733 silvae
911 1681 941 1733 et
967 1671 1093 1733 solitudo

88 1757 243 1835 ipsumque
267 1756 338 1817 illud
355 1757 500 1818 silentium
521 1756 599 1835 quod
617 1757 761 1817 venationi
777 1756 858 1817 datur
872 1774 972 1835 magna
985 1759 1093 1835 cogita·

88 1841 177 1901 tionis
190 1841 372 1902 incitamenta
383 1850 459 1903 sunt.
479 1840 602 1902 Proinde
618 1857 681 1899 cum
674 1840 848 1921 venabere,
864 1840 965 1901 licebit
975 1845 1118 1901 auctores

53 1932 133 1986 idme
148 1933 182 1985 ιιι
196 1926 341 2004 panarium
357 1935 387 1986 et
402 1924 623 2004 lagunculam
598 1941 642 1985 sno
655 1912 740 1986 eliam
756 1924 914 2002 pugillares
932 1925 1017 1986 ieras.
1036 1923 1093 1984 Ex·

85 2009 213 2152 qeqieris
224 2026 281 2069 non
294 2008 412 2070 Dianam
428 2011 519 2087 magis
535 2007 679 2069 montibus
695 2025 779 2087 quam
791 2007 947 2069 blinervam
957 2011 1093 2070 inerrare.

112 2110 128 2153 a
141 2112 169 2155 e.

559 2188 624 2249 Vll.

49 2347 79 2400 ᾖ
313 2288 340 2340 c.
360 2288 485 2341 nnunrus
501 2287 642 2341 ocnnvm
660 2287 743 2341 auno
763 2287 823 2340 suo
840 2286 867 2342 s,

149 2389 225 2452 Vide
243 2393 272 2451 in
289 2409 347 2470 quo
363 2408 409 2452 me
424 2391 541 2470 fastigio
558 2390 729 2469 collocaris,
753 2408 817 2450 cum
835 2389 904 2449 milri
920 2388 995 2449 idem
1010 2397 1116 2467 pote-1

87 2472 170 2537 statis
191 2474 325 2554 idemque
339 2477 422 2554 regni
443 2475 558 2537 dederis
579 2476 656 2555 quod
671 2474 812 2535 Homerus
827 2471 890 2533 lovi
906 2472 1020 2551 Optimo
1034 2471 1092 2532 bia·

85 2575 177 2636 ximo,

120 2655 168 2739 uqi
187 2645 221 2716 δ’
235 2649 351 2736 ἕτερον
362 2649 424 2736 μὲν
437 2654 541 2718 ἔδωκε
553 2649 677 2738 πατὴρ,
690 2651 805 2736 ἕτερον
817 2644 851 2715 δ’
865 2644 1058 2714 ἄνένευσεν.

46 2756 159 2819 ιοΝιιιιι
181 2774 240 2836 ego
260 2775 379 2836 quoque
397 2759 484 2821 simili
498 2770 567 2821 nutu
585 2779 619 2822 ae
640 2768 742 2821 renutu
757 2756 936 2836 respondere
953 2765 1022 2815 voto
1044 2764 1118 2822 tuon

86 2858 219 2921 possum.
235 2839 364 2903 'Etenim
384 2845 460 2905 sicut
478 2844 522 2906 ias
539 2854 586 2906 est
605 2843 691 2921 mibi,
717 2842 885 2921 praesertim
901 2847 929 2899 te
946 2840 1092 2918 exigente,

86 2943 228 2987 excusare
243 2925 369 2988 Bneticis
384 2937 482 2988 contra
493 2946 578 2988 unum
588 2928 732 2988 bominem
743 2923 970 3001 advocationem,
988 2925 1026 2984 ita
1039 2943 1094 2985 nec

87 3009 153 3071 iidei
175 3019 293 3071 nostrae
319 3028 374 3071 nec
400 3013 575 3073 constantiae
601 3028 686 3090 quam
706 3007 803 3086 diligis
833 3009 969 3067 convenit
990 3008 1094 3070 adesse

87 3103 188 3154 contra
203 3095 381 3172 provinciam
401 3113 483 3174 quam
504 3105 547 3157 tot
565 3097 685 3173 officiis,
709 3102 752 3154 tot
765 3091 930 3169 laboribus,
952 3100 994 3152 tot
1010 3094 1093 3155 etiam

45 3185 78 3240 35
88 3177 230 3257 periculis
247 3179 320 3238 meis
336 3177 487 3257 aliquando
505 3180 691 3242 devinxerim.
727 3175 845 3237 'lenebo
866 3192 937 3255 ergo
951 3175 1007 3236 hoc
1022 3185 1115 3238 tem-3

86 3269 296 3361 oeramentum,
314 3270 344 3321 ut
360 3280 397 3322 ex
411 3262 523 3325 duobus
538 3280 658 3342 quorum
672 3261 838 3322 alterutrum
855 3262 930 3339 petis
945 3260 1050 3337 eligam
1065 3260 1094 3321 id

87 3347 185 3423 potius
201 3346 230 3405 in
245 3362 303 3422 quo
317 3363 375 3406 non
393 3345 486 3407 solum
503 3347 597 3408 studio
612 3357 662 3408 tuo
676 3363 777 3407 verum
791 3349 875 3407 etiam
890 3343 997 3404 iudicio
1011 3345 1092 3405 satis·

87 3421 198 3498 ‚auiam
224 3427 329 3508 Neque
344 3431 419 3489 enim
436 3440 511 3491 tanto
527 3449 617 3511 opere
632 3430 700 3490 mibi
717 3428 951 3492 considerandum
966 3437 1012 3487 est
1025 3427 1127 3504 quid·
