2400 3840
104 155 165 220 136
529 152 561 215 G.
582 152 678 215 PlJNI

76 307 212 387 thooepi
229 307 303 369 enim
321 323 377 367 nou
396 305 486 365 minus
501 305 639 367 interdum
654 306 806 366 oratorium
822 322 892 365 esse
909 311 1008 365 tacere
1021 320 1092 383 quam

104 391 211 466 dicere,
225 389 317 469 adque
330 387 402 450 adeo
412 397 513 467 repeto
527 407 572 451 me
584 388 747 467 quibusdam
765 389 866 468 capitis
880 390 939 448 reis
953 387 1002 447 vel
1015 387 1093 464 magis

79 472 216 542 &silentio
237 492 318 552 quarn
333 475 460 533 oratione
481 474 689 534 accuratissima
704 473 858 551 profuisse.
892 469 985 531 Mater
1001 473 1094 530 amisso

103 556 160 618 lulio
178 557 262 636 (quid
277 559 349 617 enim
365 557 508 635 prohibet,
527 573 690 635 quamquam
705 555 759 615 alia
772 557 845 616 ratio
861 554 1032 616 scribendae
1043 555 1096 632 epi·

102 639 194 701 stulae
210 640 312 718 luerit,
336 640 371 700 de
393 640 493 700 studiis
515 640 657 718 disputare
664 637 694 718 l)
711 639 831 698 libertos
846 641 910 698 eins
927 637 1113 714 eosdemquei

104 722 264 786 coheredes
281 741 349 785 suos
368 723 431 784 falsi
449 733 478 783 et
498 723 629 782 veneficii
648 740 716 782 reos
733 720 875 782 detulerat
889 721 925 780 ad
949 722 1098 800 principem

79 808 286 887 9iudicemque
303 810 492 886 impetraverat
507 806 608 868 lulium
623 806 797 867 Servianum.
829 803 1026 866 Defenderam
1038 821 1097 865 reos

104 893 210 970 ingenti
232 892 344 970 quidem
364 899 463 958 coetus
490 900 551 952 erat
574 891 646 949 enim
667 906 750 951 causa
763 890 928 966 notissima,
956 897 1098 967 praeterea

103 977 242 1056 utrimque
260 974 372 1050 ingenia
388 972 553 1034 clarissima.
585 973 683 1035 Finem
703 973 862 1050 cognitioni
877 975 1012 1050 quaestio
1026 972 1098 1051 inpo

62 1060 173 1125 rosutn
200 1075 272 1134 qnae
293 1055 448 1117 secundum
467 1072 534 1117 reos
556 1054 644 1119 dedit.
676 1056 779 1123 Postea
798 1065 891 1117 nater
911 1055 982 1117 adiit
1001 1057 1128 1134 prisnei-lo

102 1156 182 1217 pem:
206 1139 358 1203 adllrmavit
376 1158 409 1200 se
423 1156 511 1205 nevas
526 1140 709 1218 probationes
729 1141 884 1201 invenisse.
917 1140 1099 1218 Praeceptum

103 1230 149 1283 est
170 1221 317 1284 Suburano
338 1232 368 1284 ut
390 1234 505 1285 vacaret
527 1225 631 1285 finitam
652 1243 763 1287 causam
784 1226 968 1300 retractanti,
994 1221 1099 1302 siquid

62 1317 92 1369 ll
102 1307 168 1365 novi
182 1306 316 1369 adferret.
337 1306 444 1369 Aderat
456 1309 538 1369 laatri
552 1307 640 1371 lulius
656 1309 823 1384 Africanus,
841 1324 934 1385 nepes
950 1307 1029 1368 illius
1043 1323 1098 1366 ora·

101 1391 171 1451 toris
192 1407 250 1469 qua
270 1392 365 1452 audito
387 1390 538 1457 Passienus
555 1390 673 1470 Crispus
688 1392 758 1453 dixit
773 1391 877 1467 hene,
898 1408 946 1451 me
967 1389 1098 1465 Heronio,

102 1472 190 1534 bene:
214 1475 265 1535 sed
282 1492 338 1553 quo
361 1484 415 1533 tam
432 1473 544 1535 benei'
565 1475 654 1536 Huius
673 1491 783 1553 nepos,
805 1475 917 1534 iuvenis
936 1476 1131 1554 ingenioeneli

102 1556 152 1616 sed
165 1575 262 1634 parum
276 1557 411 1633 callidus,
427 1575 489 1616 oum
504 1557 592 1618 multa
607 1558 725 1619 dixisset
739 1557 976 1636 adsignatumque
991 1567 1098 1637 tempus

102 1638 260 1716 inplesset,
277 1644 373 1715 ‘rogo'
390 1642 479 1716 inquit
495 1639 670 1718 ‘Suburane‚
693 1643 839 1719 permittas
854 1641 923 1701 mihi
938 1661 1026 1702 unum
1039 1659 1098 1701 ver·

62 1721 167 1778 libum
181 1720 317 1779 adicere!
340 1720 410 1778 Tum
425 1739 494 1798 ego,
511 1740 574 1782 cum
591 1741 688 1786 omnes
703 1743 759 1800 me,
775 1733 805 1783 ut
820 1724 868 1783 din
884 1743 1097 1805 responsurum,

101 1803 294 1880 intuerentur,
321 1803 558 1882 ‘respondissem’
581 1809 691 1886 inquam
715 1809 753 1869 ‘si
780 1825 865 1867 unum
889 1808 962 1869 illud
985 1811 1100 1871 verbum

101 1883 251 1945 Africanus
274 1885 443 1963 adiecisset,
466 1890 494 1948 in
516 1907 573 1968 quo
593 1909 650 1953 non
671 1891 768 1953 dubito
783 1893 876 1952 omnia
893 1910 969 1953 nova
990 1893 1136 1955 fuisse’tt

60 1973 91 2026 13
100 1966 163 2027 Non
183 1968 268 2029 facile
291 1987 336 2031 me
363 1981 465 2048 repeto
485 1982 589 2035 tantum
611 1975 762 2036 adsensum
781 1975 894 2052 agendo
917 1985 1101 2042 consectum

101 2060 231 2129 quantum
247 2062 313 2114 tunc
326 2072 383 2116 non
398 2056 520 2131 agendo.
550 2057 684 2118 Similiter
701 2076 776 2118 nnnc
797 2069 827 2118 et
840 2059 994 2136 probatum
1008 2070 1040 2123 et
1055 2077 1100 2119 ox·

60 2139 215 2213 liceptum
234 2146 279 2196 est
300 2138 377 2216 quod
397 2155 449 2214 pro
469 2139 581 2202 Vareno
601 2141 739 2202 hactenus
755 2159 811 2201 non
827 2143 915 2214 taoud.
946 2140 1100 2219 Consules,

99 2228 129 2277 ut
144 2218 304 2291 Polyaenus
319 2217 495 2298 postulabat,
516 2227 608 2284 omnia
628 2226 738 2302 integre
753 2226 875 2303 principi
898 2221 1100 2294 servaverunt3

100 2302 179 2359 cuius
201 2301 392 2374 cognitionem
413 2319 573 2379 suspensus
595 2317 744 2385 exspecto.
776 2306 847 2367 Nam
868 2310 933 2372 dies
954 2310 1007 2372 ille
1020 2311 1136 2371 nobisii

99 2398 152 2456 pro
175 2381 287 2440 Vareno
314 2392 361 2442 aut
384 2387 565 2449 securitatem
586 2398 615 2450 et
634 2392 721 2452 otium
742 2391 819 2453 dahit
839 2402 887 2455 aut
909 2395 1102 2459 intermissum

98 2460 225 2523 laborem
238 2476 372 2527 renovata
387 2465 579 2531 sollieitudine
593 2474 729 2548 iniunget.
758 2473 840 2534 Vale.

605 2602 628 2661 l.

350 2697 375 2747 0.
395 2693 519 2745 PLlNIUS
539 2601 722 2752 Sulll'llURNlNO
740 2701 799 2754 SUO
820 2702 847 2757 S.
1110 2732 1139 2787 3⁰

74 2798 90 2849 1
158 2793 196 2854 lit
209 2797 337 2871 proxime
355 2796 453 2857 Prisco
466 2807 564 2858 nostro
584 2809 613 2861 et
629 2819 742 2879 rursus,
764 2806 828 2881 quia
842 2805 880 2864 ita
894 2807 1025 2886 iussisti,
1041 2826 1102 2886 gra·

97 2875 150 2934 tias
172 2879 236 2952 egi,
261 2877 450 2940 libentissimo
472 2879 595 2955 quidem.
631 2882 684 2945 Est
708 2887 784 2944 enim
801 2887 870 2946 mihi
892 2893 1102 2966 periucundum

98 2957 174 3031 quod
188 2960 241 3017 viri
257 2963 355 3036 optimi
376 2961 501 3037 mihique
521 2966 682 3026 amicissimi
696 2967 768 3029 adeo
785 2969 960 3034 cohaesistis
980 2985 1012 3035 ut
1032 2977 1101 3034 invi·

70 3042 161 3094 neem
173 3056 226 3099 vos
238 3041 359 3119 obligari
376 3044 494 3123 putetis.
519 3044 590 3107 Nam
605 3046 656 3108 ille
668 3066 783 3126 quoqne
800 3057 987 3133 praecipuam
1001 3078 1037 3120 se
1051 3075 1101 3120 vo·

96 3116 231 3194 luptatem
247 3141 283 3183 ex
298 3129 416 3188 amicitia
428 3138 475 3186 tua
490 3145 597 3205 capere
611 3132 759 3207 profitetur
774 3144 924 3214 certatque
938 3149 1038 3201 mum
1051 3141 1139 3203 hoii

95 3204 256 3265 nestissimo
279 3213 432 3271 certamine
456 3213 728 3287 mutuaenutuae,
755 3233 838 3291 quam
864 3221 961 3298 ipsum
985 3234 1101 3304 tempus

94 3286 219 3359 augebit.
248 3288 289 3351 Te
305 3296 429 3370 negotiis
445 3292 572 3354 distineri
587 3293 625 3354 oh
642 3292 699 3354 hoc
713 3297 837 3360 moleste
852 3301 935 3382 iero,
954 3309 1035 3385 quod
1052 3309 1100 3368 de·

94 3369 203 3428 servire
220 3373 321 3437 studiis
333 3394 390 3437 non
404 3384 498 3454 potes.
523 3374 553 3434 st
564 3384 656 3436 tamen
670 3375 787 3442 alteram
802 3382 881 3442 litem
895 3404 951 3464 per
960 3391 1098 3467 iudicem,
