2400 3840
385 211 649 275 EPISTULARUM
660 212 697 274 11.
720 226 745 276 5.
758 223 785 277 6.
1054 212 1093 277 27

89 385 151 429 sum
172 373 280 427 statuae
303 374 388 442 caput
406 376 454 426 aut
474 366 629 426 membrum
647 365 762 445 aliquod
781 367 959 447 inspiceres,
986 384 1042 428 non
1063 376 1093 428 tu

92 449 205 530 quidem
220 468 259 509 ex
274 447 325 508 illo
341 466 445 528 posses
464 453 678 528 congruentiam
697 450 955 529 aequalitatemque
970 450 1092 530 depren-

89 534 176 612 dere,
197 550 303 611 posses
323 542 416 593 tamen
437 532 563 594 iudicare
579 553 614 595 an
629 534 656 593 id
671 535 764 611 ipsum
784 537 852 597 satis
867 534 986 613 elegans
1001 544 1090 597 asset.

87 615 150 679 Nec
172 616 227 677 alia
248 635 284 678 ex
305 634 390 677 causa
410 619 612 696 principiorum
639 617 703 677 libri
731 618 982 697 circumferuntur,
1009 628 1134 697 quaml!

68 702 152 780 aquia
173 702 349 762 existimatur
366 718 431 780 pars
452 700 545 780 aliqua
561 703 645 763 etiam
666 703 727 761 sine
750 704 855 762 ceteris
867 720 935 763 esse
950 702 1092 782 perlecta.

86 785 213 862 Longius
227 802 273 844 me
293 786 425 862 provexit
445 784 568 846 dulcedo
591 785 727 863 quaedam
747 793 842 845 tecum
862 784 1011 865 loquendi:
1038 785 1134 847 sed13

86 870 139 930 iam
154 869 241 928 finem
254 868 365 946 iaciam,
379 887 416 928 nc
430 868 553 946 modum,
571 887 655 947 quem
672 869 755 929 etiam
772 870 889 929 orationi
903 869 1091 930 adhibendum

88 963 167 1030 puto,
183 954 211 1011 in
227 949 349 1031 epistula
364 951 512 1012 excedam.
543 952 623 1012 Vale.

564 1085 614 1145 Vl.

382 1183 409 1236 c.
428 1182 553 1234 nunnius
572 1184 673 1236 avico
692 1183 752 1237 suo
772 1185 799 1236 s,

144 1284 274 1362 longum
288 1292 333 1344 cst
346 1282 429 1344 altius
446 1294 598 1362 repetere,
620 1305 675 1347 nec
690 1287 779 1348 refert
796 1287 1030 1366 quemadmodum
1043 1303 1114 1353 ac·1

87 1369 189 1430 ciderit
203 1376 234 1427 ut
248 1366 334 1427 bomo
347 1369 459 1427 minime
473 1368 617 1428 familiaris
638 1387 770 1430 cenarem
789 1371 864 1448 apud
884 1371 1039 1449 quendam,
1060 1381 1091 1431 ut

88 1453 140 1513 sibi
155 1451 322 1528 uidebatur,
343 1450 449 1511 lautum
463 1460 493 1511 et
508 1451 689 1531 diligentem,
705 1463 735 1513 ut
750 1453 832 1529 mibi,
851 1453 994 1513 sordidum
1008 1455 1089 1514 simul

48 1554 78 1607 15
87 1546 114 1597 at
137 1543 344 1614 sumptuosum.
375 1532 447 1593 Nam
467 1535 522 1594 sibi
537 1544 567 1594 et
581 1537 680 1614 paucis
696 1537 789 1615 opima
805 1537 958 1615 quaedam,
981 1539 1114 1601 ceterisu

86 1619 152 1680 vilia
167 1627 199 1679 et
219 1620 322 1677 minuta
343 1618 478 1696 ponebat.
513 1617 614 1678 Vinum
635 1623 719 1681 etiam
738 1621 864 1699 parvolis
881 1619 1041 1698 lagunculis
1062 1623 1091 1680 in

85 1706 137 1765 tria
151 1720 261 1781 genera
276 1700 484 1781 descripserat,
504 1719 561 1762 non
575 1713 605 1764 ut
621 1713 749 1780 potestas
765 1703 906 1782 eligendi,
928 1704 981 1765 sed
996 1723 1031 1765 ne
1046 1707 1090 1766 ius

87 1797 168 1849 esset
187 1784 356 1863 recusandi,
377 1784 453 1844 aliud
474 1787 528 1846 sibi
550 1796 579 1846 et
600 1789 699 1865 nobis,
722 1787 797 1848 aliud
818 1789 973 1852 minoribus
992 1791 1089 1849 amicis

87 1873 163 1949 (nam
184 1867 322 1948 gradatim
341 1871 448 1929 amicos
468 1868 585 1949 babet),
610 1870 685 1932 aliud
706 1875 764 1933 suis
783 1875 947 1951 nostrisque
968 1872 1089 1933 libertis.

44 1953 287 2019 aonnimadvertit
298 1953 346 2030 qui
359 1951 425 2011 mibi
438 1955 581 2031 proximus
597 1956 782 2016 recumbebat
797 1966 826 2016 et
839 1975 874 2017 an
886 1956 1037 2034 probarem
1050 1959 1117 2018 in·3

86 2039 253 2116 terrogavit.
283 2033 402 2113 Negavi.
436 2035 491 2095 ‘Tu
518 2043 601 2115 ergo’
629 2040 717 2117 inquit
739 2045 835 2118 ‘quarn
856 2039 1091 2100 consuetudinem

86 2117 259 2200 sequerisi’
291 2119 411 2180 ‘Eadem
431 2121 561 2181 omnibus
576 2139 669 2200 pono:
690 2121 726 2182 ad
746 2140 845 2182 cenam
866 2125 956 2197 enim,
976 2140 1033 2181 non
1055 2122 1090 2182 ad

85 2216 181 2267 notam
200 2205 289 2265 invito
311 2204 479 2281 cunctisque
500 2204 587 2264 rebus
609 2222 738 2283 exaequo
762 2223 835 2283 quos
854 2223 952 2265 measa
974 2215 1003 2265 et
1024 2215 1088 2266 toro

84 2291 229 2369 aequari!
250 2286 390 2348 ‘Etiamne
404 2285 563 2348 libertosl'
586 2288 704 2350 ‘Etiam
723 2291 907 2350 convictores
922 2291 1114 2366 enimtunc,t

44 2390 143 2442 asson
157 2373 280 2433 libertos
296 2377 389 2451 puto?
417 2369 456 2431 Et
477 2370 527 2432 ille
549 2378 663 2452 ‘magno
683 2374 734 2434 tibi
755 2370 906 2436 constati’
938 2373 1087 2435 ‘llinimc'

86 2457 156 2531 ‘Qui
178 2458 240 2516 lieri
259 2451 395 2535 potestl’
418 2454 504 2528 ‘Quia
523 2455 636 2518 scilicet
655 2457 750 2519 liberti
770 2460 826 2518 mei
845 2476 902 2519 non
921 2459 996 2519 idern
1011 2459 1088 2537 quod

85 2560 143 2620 ego
159 2541 276 2618 bibunt,
297 2538 438 2601 sedidem
453 2557 510 2617 ego
525 2541 601 2619 quod
618 2541 736 2602 liberti?
768 2541 806 2603 llt
820 2541 946 2604 llercule
961 2544 986 2603 si
1003 2541 1113 2620 gulae5

84 2635 243 2706 temperes,
255 2641 313 2684 non
328 2633 374 2684 est
388 2640 540 2684 onerosum
555 2643 612 2704 quo
627 2627 713 2688 utaris
727 2629 791 2706 ipss
806 2628 1013 2687 communicare
1027 2644 1090 2685 cum

84 2711 225 2789 pluribus.
247 2707 300 2768 llla
311 2725 383 2785 ergo
395 2708 583 2787 reprimenda,
599 2710 648 2770 illa
660 2712 740 2789 quasi
750 2713 779 2770 iu
793 2710 920 2771 ordinem
933 2708 1090 2787 redigenda

44 2805 148 2873 30est,
166 2797 192 2856 si
213 2793 371 2870 sumptibus
394 2810 511 2871 parcas,
535 2795 637 2872 quibus
657 2794 801 2872 aliquanto
815 2796 922 2855 rectius
938 2803 986 2853 tua
1000 2794 1089 2853 conti·

84 2881 181 2939 nentia
201 2895 285 2956 mam
307 2875 398 2936 aliena
418 2876 587 2938 contumelia
606 2877 748 2938 consulas.
782 2876 911 2950 Quorsus
932 2873 1027 2936 baec?
1051 2883 1112 2938 neb

84 2963 147 3042 tibi,
161 2963 286 3042 optimae
297 2959 400 3021 indolis
411 2961 516 3038 iuveni,
530 2960 702 3039 quorundam
717 2963 851 3021 inmensa
866 2962 974 3020 luxuria
988 2962 1089 3040 specie

86 3046 256 3125 frugalitatis
271 3047 394 3123 inponat.
419 3041 559 3105 Convenit
574 3054 667 3105 autem
682 3047 769 3104 amori
782 3046 810 3104 in
822 3055 851 3105 te
862 3063 938 3122 meo,
956 3047 1088 3124 quotiens

85 3130 143 3191 tale
167 3129 273 3208 aliquid
297 3127 443 3206 inciderit,
464 3128 517 3187 sub
538 3128 671 3208 exemplo
687 3147 873 3208 praemonere
894 3130 961 3209 quid
982 3129 1089 3190 debeas

46 3213 196 3292 asfugue.
224 3213 314 3292 lgitur
328 3220 470 3272 memento
484 3212 552 3272 nibil
567 3215 656 3290 magis
672 3231 740 3273 esso
755 3213 897 3274 vitandum
913 3232 995 3293 quam
1008 3215 1112 3273 istam?

86 3295 216 3359 luxuriae
232 3307 263 3358 et
278 3296 402 3357 sordium
419 3313 521 3356 novam
538 3299 721 3365 societatem
744 3314 816 3375 quae
832 3317 896 3358 oum
910 3300 967 3359 sint
983 3297 1087 3374 turpis·

87 3383 157 3445 sima
171 3383 296 3444 discreta
309 3397 344 3439 ac
357 3387 497 3458 separata,
514 3383 623 3460 turpius
640 3382 800 3457 iunguntur.
832 3381 914 3443 Vale.

55 1111 248 1200 los

1092 3526 1122 3616 Ι
