2400 3840
543 156 577 218 G.
598 156 695 219 PblNl

570 307 662 368 XXII.

321 420 349 476 C.
369 421 493 475 PLINIUS
512 423 639 476 edunto
659 422 784 475 SEVERO
804 421 865 475 SUO
884 422 913 480 S.

88 575 103 625 1
173 559 228 620 Diu
242 559 296 618 iarn
309 560 336 619 in
351 560 423 620 urbe
438 560 557 638 haereo,
572 570 602 621 et
618 561 732 640 quidem
744 561 890 622 attonitus.
909 556 1112 633 Perturbatus

111 643 199 721 longa
214 652 243 704 et
257 645 389 722 pertinen¹
401 645 527 706 valitudo
543 644 597 705 'liti
611 642 771 721 Aristonis,
788 661 873 723 quem
890 640 1073 720 singulariter
1086 649 1128 703 ott

110 730 197 788 miror
210 737 240 789 et
258 725 355 806 diligo.
387 727 464 788 Nihil
475 737 521 790 est
538 731 613 789 enim
626 727 677 789 illo
691 730 822 806 gravius,
839 727 979 805 sanctius,
995 725 1110 804 menn,

111 822 141 872 ut
155 811 221 872 mihi
235 830 292 872 non
306 831 380 872 unus
394 811 480 872 homo
502 811 556 874 sed
570 812 683 874 litterae
701 814 781 892 ipsae
796 828 959 891 omnesque
969 810 1061 872 bonae
1073 827 1117 874 ιι·-

88 905 156 957 ates
172 898 200 956 in
215 914 271 956 uno
285 895 400 956 homine
415 913 552 957 summum
566 896 725 976 periculum
739 895 818 956 adire
837 894 997 957 rideantur.
1029 892 1110 969 Quam

110 982 220 1060 peritus
235 979 286 1038 ille
300 989 329 1039 et
344 980 445 1058 privati
459 980 528 1040 iuris
539 989 569 1041 et
579 979 710 1059 publicil
719 989 852 1059 mantum
862 997 971 1057 rerum,
986 987 1110 1058 quantun

111 1061 318 1141 exemplorum,
335 1071 467 1141 quantum
480 1064 651 1142 antiquitatis
662 1062 755 1125 tenet!
771 1062 846 1123 Nihil
859 1071 905 1125 est
915 1061 995 1142 quod
1006 1061 1140 1127 discescit

80 1202 83 1208 .
111 1146 204 1223 velis,
227 1145 304 1223 quod
320 1145 370 1206 ille
386 1145 493 1207 docere
508 1164 564 1207 non
578 1149 685 1226 possit:
712 1146 778 1208 mibi
800 1157 898 1225 certe,
920 1147 1054 1225 quotiens
1068 1144 1110 1205 ali·

87 1229 180 1308 3quid
194 1229 317 1289 abditum
332 1247 456 1309 quaero,
471 1229 522 1290 ille
536 1229 687 1292 thesaurus
702 1240 756 1293 est.
792 1230 849 1291 lam
864 1239 970 1309 quanta
983 1229 1111 1291 sermoni·

110 1315 164 1374 bus
179 1315 242 1373 eins
258 1313 340 1390 lldes,
359 1323 461 1393 quanta
475 1316 644 1392 auctoritas,
666 1333 748 1394 quam
765 1332 867 1394 pressa
882 1323 912 1374 et
927 1313 1036 1375 decora
1052 1331 1111 1374 cun·

110 1397 212 1459 ctatiol
233 1397 301 1476 quid
326 1397 465 1477 estquod
486 1416 543 1459 non
559 1401 653 1460 statim
668 1395 761 1461 sciat?
784 1397 822 1459 Et
839 1408 935 1460 tamen
948 1397 1110 1476 plerumque
1151 1428 1154 1433 ·

108 1481 245 1559 haesitat,
263 1480 371 1543 dubitat
385 1482 550 1544 diversitate
563 1485 719 1560 rationum,
736 1501 805 1561 quas
820 1483 878 1542 acri
897 1499 1061 1560 magnoque
1076 1483 1140 1540 iulo

110 1565 185 1625 dicio
200 1567 235 1625 ab
255 1567 364 1642 origine
381 1568 533 1644 causisque
545 1568 645 1645 primis
659 1569 780 1646 repetit,
797 1565 951 1644 discernit,
973 1563 1109 1646 expendit.

84 1648 153 1709 und
166 1647 224 1708 hoc
244 1666 328 1726 quam
345 1665 449 1726 parcus
466 1651 495 1710 in
507 1651 601 1727 victu,
624 1668 708 1729 quam
728 1649 857 1711 modicus
872 1651 901 1708 in
916 1648 1011 1711 cultu!
1030 1647 1111 1711 Soleo

109 1733 203 1808 ipsum
219 1732 382 1791 cubiculum
397 1732 459 1794 eius
473 1735 624 1813 ipsumque
644 1734 751 1795 lectum
764 1743 794 1795 ut
810 1734 965 1810 imaginem
982 1731 1112 1813 quandam

83 1816 223 1893 opriscae
235 1814 403 1892 frugalitatis
415 1819 556 1896 aspicere.
576 1816 746 1879 Ornatbaec
758 1816 922 1895 magnitudo
934 1818 1031 1895 enimi,
1047 1833 1111 1896 quse

106 1897 177 1957 nihil
192 1896 227 1957 ad
241 1901 478 1979 ostentationem,
495 1904 587 1962 omnia
601 1901 637 1961 ad
653 1902 857 1962 conscientiam
870 1901 964 1962 refert
980 1909 1144 1979 rectequett

83 1981 178 2044 diecti
190 1999 248 2042 non
262 2001 300 2044 ex
314 1983 414 2064 populi
428 2002 561 2047 sermone
574 1985 739 2046 mercedem
751 1983 807 2046 sed
822 2003 859 2044 er
874 1984 955 2046 iacto
976 1986 1058 2064 petit.
1077 1982 1113 2066 ‚tn

107 2084 216 2127 summa
235 2084 293 2127 non
313 2068 399 2130 lacile
414 2087 584 2148 quemquam
603 2069 725 2140 existis
747 2069 794 2146 qui
815 2069 976 2147 sapientiae
994 2067 1113 2130 studim

106 2149 202 2210 habitu
217 2154 348 2230 corporis
363 2153 528 2231 praeierunt
542 2152 609 2214 huic
623 2154 685 2212 viro
701 2151 889 2231 comparabis.
922 2151 1113 2231 Nonquiden

106 2235 254 2310 gymnasia
268 2245 395 2297 sectatur
408 2245 457 2296 aut
470 2239 600 2315 porticus
615 2254 671 2297 nec
686 2234 924 2315 disputationibus
938 2235 1039 2314 longis
1051 2234 1113 2298 allo·

105 2333 167 2374 rum
181 2317 270 2375 otium
284 2335 424 2396 suumque
439 2316 574 2397 delectat,
590 2318 645 2380 sed
658 2321 687 2379 in
700 2328 769 2398 toga
779 2320 967 2398 negotiisque
977 2323 1145 2395 venabuli

84 2397 213 2461 tunultos
228 2399 433 2478 advocatione,
450 2402 549 2481 plures
562 2401 682 2464 consilio
697 2405 783 2463 inum.
812 2402 926 2464 Nemini
939 2412 1038 2465 tamen
1051 2404 1114 2466 isto

105 2500 167 2541 rum
179 2483 321 2560 castitate,
337 2486 457 2562 pietate,
469 2487 583 2563 iustitia,
596 2486 759 2547 fortitudine
771 2487 856 2547 etiam
866 2489 960 2566 primo
972 2487 1043 2549 loco
1054 2505 1115 2548 cas·

106 2567 185 2626 serit.
208 2564 362 2646 Mirareris,
378 2570 402 2628 si
413 2571 584 2648 interesses,
601 2588 656 2648 qua
670 2572 805 2647 patientia
822 2570 895 2630 hanc
910 2573 1006 2650 ipsam
1019 2569 1115 2632 valitu-

105 2649 199 2711 dinem
216 2649 333 2728 toleret,
349 2660 380 2711 ut
395 2651 488 2713 dolori
501 2655 627 2731 resistat,
641 2663 672 2712 ut
686 2655 760 2713 sitim
777 2652 899 2732 differat,
918 2664 950 2715 ut
964 2654 1115 2715 incredibi-

81 2733 162 2795 81em
181 2734 304 2795 febrium
322 2733 453 2796 ardorem
473 2739 596 2797 inmotus
618 2746 794 2816 opertusque
809 2739 991 2799 transmittat.
1018 2737 1147 2818 Nupertt

103 2835 149 2877 me
164 2835 333 2897 paucosque
352 2837 465 2879 mecum
485 2838 558 2900 quos
578 2822 699 2880 maxime
719 2819 811 2898 diligit
825 2821 979 2883 advocarit
993 2823 1115 2922 rogpvit·

105 2918 160 2978 que
175 2911 205 2962 ut
218 2901 348 2964 medicos
364 2903 582 2965 consuleremus
597 2902 634 2964 de
649 2921 755 2965 summa
767 2903 949 2982 valitudinis,
968 2915 1016 2984 ut,
1033 2926 1059 2967 s1
1073 2924 1115 2967 es·

76 3029 79 3034 .
104 2994 150 3045 set
166 2985 387 3064 insuperabilis,
411 2997 515 3067 sponte
529 2988 622 3046 exiret
642 2988 794 3064 evita,'si
815 2998 924 3050 tautum
943 2988 1072 3052 difficilis
1088 2998 1115 3051 et

81 3065 207 3146 blonga,
229 3071 380 3131 resisteret
399 3079 600 3146 maneretque:
622 3069 741 3129 dandum
763 3073 837 3130 enim
852 3073 992 3151 precibus
1007 3075 1114 3150 uxoris,

103 3149 221 3213 dandum
237 3152 312 3213 filiae
327 3153 463 3232 lacrimis,
479 3152 600 3213 dandum
611 3154 696 3214 etiam
708 3154 792 3214 nobis
806 3157 906 3216 amicis
920 3173 958 3216 nc
977 3174 1049 3235 spes
1067 3156 1145 3217 nott

102 3245 191 3314 strae,
215 3237 341 3298 simodo
358 3253 417 3296 non
432 3247 531 3298 essent
545 3236 833 3312 inanes„voluutaria
847 3250 941 3302 morte
954 3239 1113 3303 desereret

60 3315 134 3378 told
145 3338 203 3399 ego
219 3317 336 3379 arduum
348 3321 375 3377 in
390 3322 488 3398 primis
503 3330 532 3380 et
544 3323 698 3399 praecipua
713 3319 796 3381 lande
812 3322 928 3400 dignum
944 3334 1033 3402 puto„
1046 3324 1113 3385 Nam

99 3402 207 3484 impetu
227 3401 350 3482 quodam
372 3412 401 3462 et
421 3405 556 3464 instinctu
577 3419 749 3480 procurrere
769 3405 804 3465 ud
825 3417 947 3469 mortem
965 3427 1112 3472 commune
