2400 3840
102 195 164 262 240
522 190 556 253 (l.
575 190 672 251 PLlNl

99 351 154 411 sint
169 354 258 406 actae.
292 341 436 421 Nusquam
453 350 484 402 ut
501 341 575 419 deo,
597 358 735 419 nusquam
750 349 780 400 ut
794 338 899 399 numini
913 336 1102 399 blandiamur:

98 429 244 491 nonenim
260 427 295 486 de
309 435 428 502 tyranno
444 425 496 486 sed
512 424 548 485 de
565 427 645 502 cire,
665 442 722 484 non
737 423 774 484 de
789 421 902 483 domino
925 421 979 483 sed
1000 421 1038 481 de
1055 438 1105 499 pa·

98 523 179 575 rente
193 511 344 590 loquimar.
376 510 468 572 Unum
483 508 533 570 ille
549 526 582 570 se
598 525 635 568 ex
648 508 750 585 nobis,
764 514 794 569 et
808 505 865 567 boc
878 506 969 583 magis
984 503 1106 566 excellit

99 607 184 676 atque
200 596 320 670 eminet,
344 592 420 672 qnod
436 610 521 652 unnm
535 610 573 653 ex
589 591 671 652 nobis
692 598 841 670 putat-nec
855 591 946 650 minus
962 590 1108 648 bominem

99 700 132 742 se
148 697 230 759 quam
246 679 404 738 bominibus
420 693 557 754 praeesse
571 675 705 736 meminit.
727 671 931 752 intellegamus
944 690 1015 750 ergo
1031 672 1135 732 bonas

99 774 214 842 nostra,
229 761 391 840 dignosque
405 778 458 821 nos
473 759 530 821 illis
543 778 596 820 usu
607 757 778 839 probemus,
793 765 879 841 utque
890 755 1047 816 identidem
1059 772 1109 815 co·
1144 805 1146 808 ,

98 851 223 926 gitemus
238 864 329 923 quom
349 846 389 906 sit
407 845 569 922 iodipnam
589 841 614 904 si
630 843 718 903 maius
731 838 908 920 principibus
924 846 1109 918 praestemus

99 932 267 1009 obsequium
287 930 335 1007 qui
355 929 494 989 servitute
516 928 620 987 ciuium
635 942 718 1005 mam
733 925 780 1003 qul
802 922 935 985 libertate
956 922 1109 984 laetantur.

97 1013 134 1074 llt
151 1013 275 1092 populus
290 1011 404 1090 quidem
415 1010 559 1071 llumanus
572 1008 706 1070 dilectum
717 1008 876 1088 principum
889 1016 1003 1084 servat,
1021 1025 1109 1085 quan·

97 1108 186 1175 toque
198 1094 284 1174 paulo
298 1103 364 1154 anto
384 1102 525 1154 concentu
544 1092 700 1154 formosum
719 1090 802 1152 alium
822 1091 898 1165 hunc
919 1090 1149 1150 fortissimumld

98 1186 250 1258 personat,
272 1177 432 1257 quibusque
455 1175 605 1255 aliqnando
623 1175 793 1237 clamoribus
808 1184 922 1252 gestum
938 1173 1061 1235 alterius
1079 1182 1109 1233 ot

98 1278 202 1322 vocem
231 1261 314 1322 buius
343 1263 479 1339 pietatem
510 1261 706 1322 abstinentiam
733 1256 976 1319 mansuetudinem
1001 1257 1107 1318 laudat.

99 1345 174 1419 Quid
184 1363 237 1406 nos
249 1339 325 1424 ipail
339 1345 512 1405 divinitatem
526 1344 663 1423 principis
678 1344 768 1404 nostri
777 1360 812 1404 an
822 1340 1025 1402 humanitatem
1037 1350 1109 1402 tem·

98 1430 255 1508 perantiam
271 1426 450 1504 facilitatem,
470 1437 500 1488 nt
513 1444 592 1488 amor
603 1436 632 1489 et
642 1426 775 1504 gaudium
786 1425 865 1502 tulit,
884 1426 1013 1485 universi
1025 1442 1109 1503 prae·

100 1513 193 1573 dicare
216 1508 363 1574 solemus?
392 1511 450 1572 lam
468 1510 535 1590 quid
551 1521 606 1572 tam
628 1509 730 1588 ciuile,
756 1518 812 1571 tam
833 1510 1006 1569 senatorium
1025 1525 1110 1587 quam
1117 1503 1149 1558 15

98 1595 168 1655 illud
185 1594 308 1655 additum
322 1612 338 1653 a
351 1596 435 1656 nobis
451 1596 550 1673 optimi
566 1590 748 1672 cognomen?
768 1592 845 1671 quod
859 1591 1009 1670 peculiare
1024 1591 1108 1651 buius

99 1688 128 1737 et
149 1678 294 1756 proprium
313 1677 477 1755 adrogantia
497 1679 623 1755 priorum
646 1677 806 1756 principum
827 1675 905 1737 iecit.
951 1675 1108 1736 Enimvero

99 1775 183 1838 quam
198 1775 363 1837 commune,
387 1778 469 1838 quam
484 1777 627 1839 exaequo
644 1759 719 1839 quod
733 1759 838 1822 felices
851 1776 923 1837 nos,
940 1758 1060 1819 felicem
1073 1758 1107 1818 il·

98 1840 156 1900 lum
170 1841 367 1920 praedicamus
382 1842 557 1922 alternisque
573 1845 649 1904 votis
672 1842 759 1905 ‘baec
772 1843 877 1920 iaciat,
897 1842 972 1903 haec
987 1842 1106 1918 audiat’,

99 1927 179 2003 quasi
193 1942 249 1984 non
267 1924 384 2005 dicturi,
400 1928 454 1988 nisi
469 1927 589 2006 iecerit,
606 1924 831 2006 conprecamurl
849 1926 895 1986 Ad
910 1944 981 2007 quas
994 1925 1045 1986 illc
1056 1926 1149 1985 vo·20

99 2027 150 2070 ces
165 2007 288 2069 lacrimis
305 2012 388 2070 etiam
404 2029 440 2071 ac
453 2010 542 2072 multo
552 2009 663 2090 pudore
677 2010 856 2072 suffunditur.
875 2010 1019 2088 Agnoscit
1034 2010 1109 2068 enim

69 2093 241 2171 3sentitque
260 2093 332 2172 sibi,
358 2112 415 2155 non
435 2096 558 2174 principi
575 2094 642 2154 dici.
685 2092 776 2172 igitur
797 2092 872 2174 quod
897 2103 1106 2172 temperamen-

98 2183 157 2233 tum
174 2192 273 2238 omnes
289 2176 318 2235 in
333 2176 384 2237 illo
400 2179 493 2239 subito
512 2179 625 2256 pietatis
642 2176 740 2238 calore
760 2177 955 2253 servavimus,
977 2177 1036 2236 boc
1051 2177 1107 2238 sin-

98 2258 158 2334 guli
178 2274 293 2337 quoque
309 2260 493 2341 meditatique
515 2272 678 2339 teneamus,
707 2261 887 2341 sciamusque
908 2258 1017 2321 nullum
1040 2277 1107 2319 esse

97 2358 193 2419 nequo
209 2343 347 2401 sincerius
367 2362 462 2425 neque
482 2346 631 2424 acceptius
652 2363 744 2424 genus
765 2345 916 2422 gratiarum
929 2361 1013 2422 quam
1030 2341 1147 2421 qnod25

99 2420 162 2479 illas
182 2421 401 2487 adclamationes
423 2426 580 2488 aemuletur
601 2447 675 2507 quae
696 2428 820 2507 fingendi
841 2444 898 2488 non
913 2426 1021 2488 babent
1035 2435 1106 2487 tem·

98 2520 162 2580 1¹⁰⁸·
201 2502 341 2574 Quantum
359 2509 394 2569 ad
414 2528 460 2569 me
480 2513 621 2590 pertinet,
643 2510 781 2573 laborabo
799 2521 829 2574 ut
844 2512 1002 2573 orationem
1015 2526 1106 2570 meam

98 2584 133 2646 ad
147 2584 313 2684 modestiam
328 2592 465 2671 principis
479 2593 759 2674 moderationemque
775 2599 962 2670 summittam,
983 2610 1039 2654 nec
1055 2593 1105 2651 mi·

97 2686 150 2728 nus
167 2667 354 2732 considerabo
371 2676 439 2753 quid
458 2694 542 2740 aures
562 2679 624 2739 eius
641 2681 699 2756 pati
714 2680 824 2757 possint
839 2695 922 2756 quam
937 2676 1005 2756 quid
1018 2677 1104 2736 virtu·

97 2753 174 2849 tibus
196 2751 343 2815 debeatur.
375 2756 478 2838 blagna
498 2769 528 2821 et
548 2761 677 2823 inusitata
692 2763 832 2841 principis
846 2761 954 2840 gloria',
982 2759 1029 2821 cui
1042 2761 1146 2838 gra-30

98 2842 151 2895 tras
170 2844 285 2932 acturus
304 2857 362 2899 non
382 2851 438 2902 tarn
458 2861 562 2904 vereor
580 2862 618 2903 ne
632 2862 679 2904 me
699 2847 728 2904 in
747 2844 879 2907 laudibus
901 2845 961 2907 suis
987 2861 1104 2923 parcum

99 2932 181 2992 quarn
199 2936 235 2977 ne
255 2924 370 2980 nonium
386 2934 476 3002 putet.
518 2925 657 2987 Haecine
674 2945 758 3005 cura,
783 2927 857 2988 baec
874 2927 1028 2989 difficultas
1042 2924 1104 2985 sola

100 2998 277 3094 cirqumstat:
297 3021 361 3064 nam
374 3011 495 3068 merenti
509 3011 614 3086 gratias
630 3028 719 3088 agere
735 3009 821 3071 facile
839 3021 902 3088 est,
923 3020 1019 3089 patres
1036 3026 1103 3072 con·

99 3087 209 3156 scripti.
234 3078 298 3141 Non
315 3090 388 3172 euim
405 3090 561 3169 periculum
579 3100 622 3154 cst
635 3110 689 3169 ne,
706 3111 770 3152 cum
783 3093 884 3173 loquar
897 3093 935 3154 de
949 3093 1102 3153 humanita-

98 3167 144 3256 te,
157 3160 321 3237 exprobrari
333 3172 388 3231 sibi
401 3175 561 3252 superbiam
573 3173 685 3249 credat,
700 3192 765 3235 cnm
777 3175 813 3237 de
827 3176 1007 3256 frugalitate,
1022 3176 1103 3236 luxu·
1112 3171 1145 3226 35

97 3259 183 3339 batn,
197 3258 260 3299 cum
273 3243 309 3304 de
325 3251 491 3335 clementia,
503 3257 708 3335 crudelitatem,
722 3276 786 3318 cnm
797 3259 833 3320 de
844 3259 1026 3338 liberalitate,
1038 3277 1103 3320 ava·

96 3333 204 3399 ”imma
222 3340 285 3384 cum
300 3329 336 3390 de
350 3335 541 3417 benignitate,
558 3339 693 3418 livorem,
710 3359 774 3401 cum
786 3341 823 3402 do
835 3344 1023 3422 continentia,
1039 3341 1102 3402 libi·

99 3401 208 3482 dlnem,
224 3424 287 3466 cum
300 3411 335 3474 de
347 3415 461 3504 labore,
476 3425 619 3501 inertiam,
639 3442 702 3483 cum
714 3423 749 3484 de
764 3424 945 3507 fortitudine,
961 3430 1102 3488 timorem.
