<?xml version="1.0" encoding="UTF-8"?>
<!DOCTYPE html PUBLIC "-//W3C//DTD XHTML 1.0 Transitional//EN"
    "http://www.w3.org/TR/xhtml1/DTD/xhtml1-transitional.dtd">
<html xmlns="http://www.w3.org/1999/xhtml" xml:lang="en" lang="en">
 <head>
  <title>
</title>
<meta http-equiv="Content-Type" content="text/html;charset=utf-8" />
  <meta name='ocr-system' content='tesseract 3.04.00' />
  <meta name='ocr-capabilities' content='ocr_page ocr_carea ocr_par ocr_line ocrx_word'/>
</head>
<body>
  <div class='ocr_page' id='page_1' title='image "./cplinicaecilise01plingoog_0286.png"; bbox 0 0 2400 3840; ppageno 0'>
   <div class='ocr_carea' id='block_1_1' title="bbox 396 211 1113 280">
    <p class='ocr_par' dir='ltr' id='par_1_1' title="bbox 396 211 1113 280">
     <span class='ocr_line' id='line_1_1' title="bbox 396 211 1113 280; baseline 0.01 -7"><span class='ocrx_word' id='word_1_1' title='bbox 396 211 662 277; x_wconf 70' lang='lat' dir='ltr'><strong>enunciamus</strong></span> <span class='ocrx_word' id='word_1_2' title='bbox 676 222 719 277; x_wconf 80' lang='lat'><strong>34.</strong></span> <span class='ocrx_word' id='word_1_3' title='bbox 733 224 777 278; x_wconf 78' lang='lat'><strong>35.</strong></span> <span class='ocrx_word' id='word_1_4' title='bbox 790 224 835 279; x_wconf 79' lang='grc'><strong>36.</strong></span> <span class='ocrx_word' id='word_1_5' title='bbox 1049 216 1113 280; x_wconf 79' lang='grc'><strong>259</strong></span> 
     </span>
    </p>
   </div>
   <div class='ocr_carea' id='block_1_2' title="bbox 40 363 1195 3460">
    <p class='ocr_par' dir='ltr' id='par_1_2' title="bbox 55 363 1195 2538">
     <span class='ocr_line' id='line_1_2' title="bbox 103 363 1110 447; baseline 0.006 -23"><span class='ocrx_word' id='word_1_6' title='bbox 103 366 253 444; x_wconf 87' lang='lat' dir='ltr'><strong>iratosque</strong></span> <span class='ocrx_word' id='word_1_7' title='bbox 271 363 375 425; x_wconf 89' lang='lat' dir='ltr'><strong>duetus</strong></span> <span class='ocrx_word' id='word_1_8' title='bbox 391 368 491 444; x_wconf 92' lang='lat' dir='ltr'><strong>sequi,</strong></span> <span class='ocrx_word' id='word_1_9' title='bbox 518 383 715 447; x_wconf 87' lang='lat' dir='ltr'><strong>quoscumque</strong></span> <span class='ocrx_word' id='word_1_10' title='bbox 734 369 763 429; x_wconf 92' lang='lat' dir='ltr'><strong>in</strong></span> <span class='ocrx_word' id='word_1_11' title='bbox 778 366 917 446; x_wconf 90' lang='lat' dir='ltr'><strong>scopulos</strong></span> <span class='ocrx_word' id='word_1_12' title='bbox 931 367 1110 430; x_wconf 70' lang='lat' dir='ltr'><strong>detulissent.</strong></span> 
     </span>
     <span class='ocr_line' id='line_1_3' title="bbox 104 448 1181 531; baseline 0.01 -23"><span class='ocrx_word' id='word_1_13' title='bbox 104 448 222 509; x_wconf 89' lang='lat' dir='ltr'><strong>iurabat</strong></span> <span class='ocrx_word' id='word_1_14' title='bbox 236 458 425 527; x_wconf 89' lang='lat' dir='ltr'><strong>prospectare</strong></span> <span class='ocrx_word' id='word_1_15' title='bbox 434 449 531 510; x_wconf 85' lang='lat' dir='ltr'><strong>statim</strong></span> <span class='ocrx_word' id='word_1_16' title='bbox 546 460 658 528; x_wconf 88' lang='lat' dir='ltr'><strong>apertu</strong></span> <span class='ocrx_word' id='word_1_17' title='bbox 670 453 896 530; x_wconf 78' lang='lat' dir='ltr'><strong>sparenavigia</strong></span> <span class='ocrx_word' id='word_1_18' title='bbox 908 461 937 512; x_wconf 89' lang='lat' dir='ltr'><strong>et</strong></span> <span class='ocrx_word' id='word_1_19' title='bbox 952 452 1026 531; x_wconf 93' lang='lat' dir='ltr'><strong>apud</strong></span> <span class='ocrx_word' id='word_1_20' title='bbox 1042 453 1112 514; x_wconf 94' lang='lat' dir='ltr'><strong>illud</strong></span> <span class='ocrx_word' id='word_1_21' title='bbox 1180 516 1181 519; x_wconf 73' lang='grc'>,</span> 
     </span>
     <span class='ocr_line' id='line_1_4' title="bbox 103 534 1112 615; baseline 0.007 -24"><span class='ocrx_word' id='word_1_22' title='bbox 103 535 197 611; x_wconf 90' lang='lat' dir='ltr'><strong>ipsum</strong></span> <span class='ocrx_word' id='word_1_23' title='bbox 212 549 290 594; x_wconf 88' lang='lat' dir='ltr'><strong>mare</strong></span> <span class='ocrx_word' id='word_1_24' title='bbox 304 549 391 610; x_wconf 80' lang='lat' dir='ltr'><strong>agere</strong></span> <span class='ocrx_word' id='word_1_25' title='bbox 405 535 528 612; x_wconf 80' lang='lat' dir='ltr'><strong>principi</strong></span> <span class='ocrx_word' id='word_1_26' title='bbox 542 537 663 613; x_wconf 75' lang='lat' dir='ltr'><strong>gratias,</strong></span> <span class='ocrx_word' id='word_1_27' title='bbox 681 536 730 615; x_wconf 95' lang='lat' dir='ltr'><strong>qui</strong></span> <span class='ocrx_word' id='word_1_28' title='bbox 742 534 894 596; x_wconf 89' lang='lat' dir='ltr'><strong>clementia</strong></span> <span class='ocrx_word' id='word_1_29' title='bbox 910 549 961 596; x_wconf 84' lang='lat' dir='ltr'><strong>sua</strong></span> <span class='ocrx_word' id='word_1_30' title='bbox 976 535 1054 598; x_wconf 78' lang='lat' dir='ltr'><strong>salvi</strong></span> <span class='ocrx_word' id='word_1_31' title='bbox 1069 538 1112 598; x_wconf 94' lang='lat' dir='ltr'><strong>ul·</strong></span> 
     </span>
     <span class='ocr_line' id='line_1_5' title="bbox 103 615 1112 697; baseline 0.005 -20"><span class='ocrx_word' id='word_1_32' title='bbox 103 619 211 678; x_wconf 87' lang='lat' dir='ltr'><strong>tionem</strong></span> <span class='ocrx_word' id='word_1_33' title='bbox 226 615 369 677; x_wconf 88' lang='lat' dir='ltr'><strong>hominum</strong></span> <span class='ocrx_word' id='word_1_34' title='bbox 385 626 583 697; x_wconf 89' lang='lat' dir='ltr'><strong>terrarumque</strong></span> <span class='ocrx_word' id='word_1_35' title='bbox 596 619 649 679; x_wconf 88' lang='lat' dir='ltr'><strong>diis</strong></span> <span class='ocrx_word' id='word_1_36' title='bbox 664 619 749 680; x_wconf 89' lang='lat' dir='ltr'><strong>maris</strong></span> <span class='ocrx_word' id='word_1_37' title='bbox 761 619 999 681; x_wconf 77' lang='lat' dir='ltr'><strong>commendasset.</strong></span> <span class='ocrx_word' id='word_1_38' title='bbox 1018 620 1112 694; x_wconf 78' lang='lat' dir='ltr'><strong>Quan-</strong></span> 
     </span>
     <span class='ocr_line' id='line_1_6' title="bbox 77 699 1193 782; baseline 0.004 -22"><span class='ocrx_word' id='word_1_39' title='bbox 77 701 160 760; x_wconf 81' lang='lat' dir='ltr'><strong>5tum</strong></span> <span class='ocrx_word' id='word_1_40' title='bbox 172 699 322 762; x_wconf 68' lang='lat' dir='ltr'><strong>naenias</strong></span> <span class='ocrx_word' id='word_1_41' title='bbox 334 710 494 780; x_wconf 88' lang='lat' dir='ltr'><strong>temporum</strong></span> <span class='ocrx_word' id='word_1_42' title='bbox 505 711 606 782; x_wconf 89' lang='lat' dir='ltr'><strong>posset</strong></span> <span class='ocrx_word' id='word_1_43' title='bbox 618 711 677 763; x_wconf 88' lang='lat' dir='ltr'><strong>tum</strong></span> <span class='ocrx_word' id='word_1_44' title='bbox 686 705 806 764; x_wconf 85' lang='lat' dir='ltr'><strong>maxime</strong></span> <span class='ocrx_word' id='word_1_45' title='bbox 818 705 963 782; x_wconf 78' lang='lat' dir='ltr'><strong>cognitum</strong></span> <span class='ocrx_word' id='word_1_46' title='bbox 974 713 1031 779; x_wconf 91' lang='lat' dir='ltr'><strong>est,</strong></span> <span class='ocrx_word' id='word_1_47' title='bbox 1048 722 1112 763; x_wconf 91' lang='lat' dir='ltr'><strong>oum</strong></span> <span class='ocrx_word' id='word_1_48' title='bbox 1183 726 1193 740; x_wconf 74' lang='lat'><strong>¹·</strong></span> 
     </span>
     <span class='ocr_line' id='line_1_7' title="bbox 102 779 1193 871; baseline 0.005 -28"><span class='ocrx_word' id='word_1_49' title='bbox 102 783 193 844; x_wconf 87' lang='lat' dir='ltr'><strong>isdem</strong></span> <span class='ocrx_word' id='word_1_50' title='bbox 215 785 319 862; x_wconf 91' lang='lat' dir='ltr'><strong>quibus</strong></span> <span class='ocrx_word' id='word_1_51' title='bbox 334 794 417 846; x_wconf 86' lang='lat' dir='ltr'><strong>antea</strong></span> <span class='ocrx_word' id='word_1_52' title='bbox 433 779 823 850; x_wconf 77' lang='lat' dir='ltr'><strong>cautibusinnocentissimus</strong></span> <span class='ocrx_word' id='word_1_53' title='bbox 838 788 960 868; x_wconf 90' lang='lat' dir='ltr'><strong>quisque</strong></span> <span class='ocrx_word' id='word_1_54' title='bbox 975 804 1051 848; x_wconf 88' lang='lat' dir='ltr'><strong>nunc</strong></span> <span class='ocrx_word' id='word_1_55' title='bbox 1061 807 1112 848; x_wconf 93' lang='lat' dir='ltr'><strong>no·</strong></span> <span class='ocrx_word' id='word_1_56' title='bbox 1181 838 1193 871; x_wconf 24' lang='grc'><strong>,1</strong></span> 
     </span>
     <span class='ocr_line' id='line_1_8' title="bbox 103 866 1188 950; baseline 0.005 -22"><span class='ocrx_word' id='word_1_57' title='bbox 103 869 284 930; x_wconf 72' lang='lat' dir='ltr'><strong>comissimus</strong></span> <span class='ocrx_word' id='word_1_58' title='bbox 297 868 479 948; x_wconf 77' lang='lat' dir='ltr'><strong>affigeretur,</strong></span> <span class='ocrx_word' id='word_1_59' title='bbox 496 887 616 949; x_wconf 91' lang='lat' dir='ltr'><strong>cumque</strong></span> <span class='ocrx_word' id='word_1_60' title='bbox 631 871 738 933; x_wconf 85' lang='lat' dir='ltr'><strong>insulas</strong></span> <span class='ocrx_word' id='word_1_61' title='bbox 751 884 867 948; x_wconf 85' lang='lat' dir='ltr'><strong>omnes,</strong></span> <span class='ocrx_word' id='word_1_62' title='bbox 884 889 953 950; x_wconf 92' lang='lat' dir='ltr'><strong>quas</strong></span> <span class='ocrx_word' id='word_1_63' title='bbox 965 868 1050 931; x_wconf 89' lang='lat' dir='ltr'><strong>modo</strong></span> <span class='ocrx_word' id='word_1_64' title='bbox 1062 891 1109 932; x_wconf 90' lang='lat' dir='ltr'><strong>se·</strong></span> <span class='ocrx_word' id='word_1_65' title='bbox 1173 866 1188 893; x_wconf 79' lang='lat'><strong>&#39;·</strong></span> 
     </span>
     <span class='ocr_line' id='line_1_9' title="bbox 101 953 1110 1044; baseline 0.004 -33"><span class='ocrx_word' id='word_1_66' title='bbox 101 961 249 1030; x_wconf 90' lang='lat' dir='ltr'><strong>natorum,</strong></span> <span class='ocrx_word' id='word_1_67' title='bbox 258 954 325 1014; x_wconf 48' lang='lat' dir='ltr'><strong>siam</strong></span> <span class='ocrx_word' id='word_1_68' title='bbox 339 953 592 1044; x_wconf 75' lang='lat' dir='ltr'><strong>delatorum,turba</strong></span> <span class='ocrx_word' id='word_1_69' title='bbox 608 955 772 1037; x_wconf 76' lang='lat' dir='ltr'><strong>conploret:</strong></span> <span class='ocrx_word' id='word_1_70' title='bbox 793 973 866 1035; x_wconf 92' lang='lat' dir='ltr'><strong>quos</strong></span> <span class='ocrx_word' id='word_1_71' title='bbox 883 955 996 1033; x_wconf 90' lang='lat' dir='ltr'><strong>quidem</strong></span> <span class='ocrx_word' id='word_1_72' title='bbox 1009 971 1068 1015; x_wconf 91' lang='lat' dir='ltr'><strong>non</strong></span> <span class='ocrx_word' id='word_1_73' title='bbox 1082 957 1110 1015; x_wconf 92' lang='lat' dir='ltr'><strong>in</strong></span> 
     </span>
     <span class='ocr_line' id='line_1_10' title="bbox 101 1037 1111 1120; baseline 0.002 -24"><span class='ocrx_word' id='word_1_74' title='bbox 101 1053 128 1119; x_wconf 89' lang='lat' dir='ltr'><strong>p</strong></span> <span class='ocrx_word' id='word_1_75' title='bbox 154 1055 187 1096; x_wconf 88' lang='lat' dir='ltr'><strong>es</strong></span> <span class='ocrx_word' id='word_1_76' title='bbox 226 1044 360 1098; x_wconf 86' lang='lat' dir='ltr'><strong>stantum</strong></span> <span class='ocrx_word' id='word_1_77' title='bbox 375 1037 428 1099; x_wconf 89' lang='lat' dir='ltr'><strong>sed</strong></span> <span class='ocrx_word' id='word_1_78' title='bbox 445 1040 506 1118; x_wconf 82' lang='lat' dir='ltr'><strong>ina</strong></span> <span class='ocrx_word' id='word_1_79' title='bbox 526 1047 636 1100; x_wconf 90' lang='lat' dir='ltr'><strong>ternum</strong></span> <span class='ocrx_word' id='word_1_80' title='bbox 649 1040 830 1120; x_wconf 81' lang='lat' dir='ltr'><strong>repressisti,</strong></span> <span class='ocrx_word' id='word_1_81' title='bbox 853 1041 881 1099; x_wconf 94' lang='lat' dir='ltr'><strong>in</strong></span> <span class='ocrx_word' id='word_1_82' title='bbox 894 1038 943 1099; x_wconf 92' lang='lat' dir='ltr'><strong>illa</strong></span> <span class='ocrx_word' id='word_1_83' title='bbox 957 1055 1111 1118; x_wconf 89' lang='lat' dir='ltr'><strong>poenarum</strong></span> 
     </span>
     <span class='ocr_line' id='line_1_11' title="bbox 60 1112 1195 1221; baseline 0.004 -42"><span class='ocrx_word' id='word_1_84' title='bbox 60 1112 129 1181; x_wconf 77' lang='lat' dir='ltr'><strong>loiri·</strong></span> <span class='ocrx_word' id='word_1_85' title='bbox 215 1117 391 1182; x_wconf 80' lang='lat' dir='ltr'><strong>e&#39;inclusos.</strong></span> <span class='ocrx_word' id='word_1_86' title='bbox 431 1112 510 1202; x_wconf 68' lang='lat' dir='ltr'><strong>llr&#39;dp</strong></span> <span class='ocrx_word' id='word_1_87' title='bbox 596 1123 704 1185; x_wconf 88' lang='lat' dir='ltr'><strong>ahenas</strong></span> <span class='ocrx_word' id='word_1_88' title='bbox 724 1125 861 1204; x_wconf 82' lang='lat' dir='ltr'><strong>pecunias</strong></span> <span class='ocrx_word' id='word_1_89' title='bbox 883 1133 965 1193; x_wconf 85' lang='lat' dir='ltr'><strong>eunt;</strong></span> <span class='ocrx_word' id='word_1_90' title='bbox 992 1121 1111 1201; x_wconf 87' lang='lat' dir='ltr'><strong>perdant</strong></span> <span class='ocrx_word' id='word_1_91' title='bbox 1132 1117 1195 1221; x_wconf 45' lang='lat'><strong>²4</strong></span> 
     </span>
     <span class='ocr_line' id='line_1_12' title="bbox 101 1204 1187 1287; baseline 0.003 -24"><span class='ocrx_word' id='word_1_92' title='bbox 101 1223 171 1283; x_wconf 91' lang='lat' dir='ltr'><strong>quas</strong></span> <span class='ocrx_word' id='word_1_93' title='bbox 185 1204 305 1265; x_wconf 89' lang='lat' dir='ltr'><strong>habent:</strong></span> <span class='ocrx_word' id='word_1_94' title='bbox 332 1205 481 1284; x_wconf 83' lang='lat' dir='ltr'><strong>expellere</strong></span> <span class='ocrx_word' id='word_1_95' title='bbox 497 1208 647 1285; x_wconf 90' lang='lat' dir='ltr'><strong>penatibus</strong></span> <span class='ocrx_word' id='word_1_96' title='bbox 662 1210 803 1287; x_wconf 74' lang='lat' dir='ltr'><strong>gestiunt3</strong></span> <span class='ocrx_word' id='word_1_97' title='bbox 828 1208 889 1269; x_wconf 88' lang='lat' dir='ltr'><strong>suis</strong></span> <span class='ocrx_word' id='word_1_98' title='bbox 908 1207 1109 1268; x_wconf 85' lang='lat' dir='ltr'><strong>exturbentur:</strong></span> <span class='ocrx_word' id='word_1_99' title='bbox 1173 1216 1187 1266; x_wconf 79' lang='lat' dir='ltr'><strong>&#39;t</strong></span> 
     </span>
     <span class='ocr_line' id='line_1_13' title="bbox 100 1290 1195 1373; baseline 0.004 -26"><span class='ocrx_word' id='word_1_100' title='bbox 100 1304 215 1366; x_wconf 88' lang='lat' dir='ltr'><strong>neque,</strong></span> <span class='ocrx_word' id='word_1_101' title='bbox 238 1296 268 1347; x_wconf 94' lang='lat' dir='ltr'><strong>ut</strong></span> <span class='ocrx_word' id='word_1_102' title='bbox 283 1297 384 1371; x_wconf 81' lang='lat' dir='ltr'><strong>antea,</strong></span> <span class='ocrx_word' id='word_1_103' title='bbox 405 1307 581 1373; x_wconf 74' lang='lat' dir='ltr'><strong>exsanguem</strong></span> <span class='ocrx_word' id='word_1_104' title='bbox 596 1290 674 1351; x_wconf 89' lang='lat' dir='ltr'><strong>illam</strong></span> <span class='ocrx_word' id='word_1_105' title='bbox 686 1303 718 1361; x_wconf 81' lang='lat' dir='ltr'><strong>et</strong></span> <span class='ocrx_word' id='word_1_106' title='bbox 737 1291 858 1351; x_wconf 83' lang='lat' dir='ltr'><strong>ferream</strong></span> <span class='ocrx_word' id='word_1_107' title='bbox 872 1291 997 1352; x_wconf 85' lang='lat' dir='ltr'><strong>frontem</strong></span> <span class='ocrx_word' id='word_1_108' title='bbox 1011 1294 1109 1370; x_wconf 91' lang='lat' dir='ltr'><strong>nequi·</strong></span> <span class='ocrx_word' id='word_1_109' title='bbox 1120 1294 1195 1343; x_wconf 57' lang='lat' dir='ltr'><strong>*sahi</strong></span> 
     </span>
     <span class='ocr_line' id='line_1_14' title="bbox 101 1354 1108 1455; baseline 0.005 -26"><span class='ocrx_word' id='word_1_110' title='bbox 101 1375 185 1450; x_wconf 90' lang='lat' dir='ltr'><strong>quam</strong></span> <span class='ocrx_word' id='word_1_111' title='bbox 200 1355 460 1432; x_wconf 63' lang='lat' dir='ltr'><strong>conduiine‘r‘enddr&#39;ti</strong></span> <span class='ocrx_word' id='word_1_112' title='bbox 471 1373 627 1452; x_wconf 89' lang='lat' dir='ltr'><strong>praebeant</strong></span> <span class='ocrx_word' id='word_1_113' title='bbox 639 1354 755 1453; x_wconf 56' lang='lat' dir='ltr'><strong>{lumbo</strong></span> <span class='ocrx_word' id='word_1_114' title='bbox 771 1383 800 1434; x_wconf 89' lang='lat' dir='ltr'><strong>et</strong></span> <span class='ocrx_word' id='word_1_115' title='bbox 814 1384 895 1435; x_wconf 87' lang='lat' dir='ltr'><strong>notas</strong></span> <span class='ocrx_word' id='word_1_116' title='bbox 911 1358 1108 1455; x_wconf 61' lang='lat' dir='ltr'><strong>suadiideant,</strong></span> 
     </span>
     <span class='ocr_line' id='line_1_15' title="bbox 101 1453 1110 1536; baseline 0 -20"><span class='ocrx_word' id='word_1_117' title='bbox 101 1453 154 1516; x_wconf 88' lang='lat' dir='ltr'><strong>sed</strong></span> <span class='ocrx_word' id='word_1_118' title='bbox 170 1461 327 1532; x_wconf 81' lang='lat' dir='ltr'><strong>expectent</strong></span> <span class='ocrx_word' id='word_1_119' title='bbox 341 1457 420 1534; x_wconf 88' lang='lat' dir='ltr'><strong>paria</strong></span> <span class='ocrx_word' id='word_1_120' title='bbox 435 1459 562 1535; x_wconf 89' lang='lat' dir='ltr'><strong>praemio</strong></span> <span class='ocrx_word' id='word_1_121' title='bbox 578 1457 693 1533; x_wconf 89' lang='lat' dir='ltr'><strong>damna,</strong></span> <span class='ocrx_word' id='word_1_122' title='bbox 719 1475 775 1517; x_wconf 89' lang='lat' dir='ltr'><strong>nec</strong></span> <span class='ocrx_word' id='word_1_123' title='bbox 795 1459 919 1518; x_wconf 86' lang='lat' dir='ltr'><strong>maiores</strong></span> <span class='ocrx_word' id='word_1_124' title='bbox 942 1473 1011 1536; x_wconf 87' lang='lat' dir='ltr'><strong>spes</strong></span> <span class='ocrx_word' id='word_1_125' title='bbox 1026 1475 1110 1536; x_wconf 91' lang='lat' dir='ltr'><strong>quam</strong></span> 
     </span>
     <span class='ocr_line' id='line_1_16' title="bbox 59 1537 1195 1647; baseline 0.001 -47"><span class='ocrx_word' id='word_1_126' title='bbox 59 1549 92 1600; x_wconf 83' lang='lat'><strong>15</strong></span> <span class='ocrx_word' id='word_1_127' title='bbox 100 1548 192 1599; x_wconf 89' lang='lat' dir='ltr'><strong>metus</strong></span> <span class='ocrx_word' id='word_1_128' title='bbox 208 1537 347 1615; x_wconf 87' lang='lat' dir='ltr'><strong>habeant,</strong></span> <span class='ocrx_word' id='word_1_129' title='bbox 363 1540 538 1619; x_wconf 87' lang='lat' dir='ltr'><strong>timeantque</strong></span> <span class='ocrx_word' id='word_1_130' title='bbox 555 1549 688 1619; x_wconf 88' lang='lat' dir='ltr'><strong>quantum</strong></span> <span class='ocrx_word' id='word_1_131' title='bbox 703 1540 883 1617; x_wconf 83' lang='lat' dir='ltr'><strong>timebantur.</strong></span> <span class='ocrx_word' id='word_1_132' title='bbox 919 1539 1032 1618; x_wconf 79' lang='lat' dir='ltr'><strong>lugenti</strong></span> <span class='ocrx_word' id='word_1_133' title='bbox 1047 1543 1109 1620; x_wconf 92' lang='lat' dir='ltr'><strong>qui·</strong></span> <span class='ocrx_word' id='word_1_134' title='bbox 1140 1588 1195 1647; x_wconf 40' lang='lat' dir='ltr'><strong>,a</strong></span> 
     </span>
     <span class='ocr_line' id='line_1_17' title="bbox 102 1616 1109 1704; baseline 0.002 -22"><span class='ocrx_word' id='word_1_135' title='bbox 102 1622 167 1682; x_wconf 93' lang='lat' dir='ltr'><strong>dem</strong></span> <span class='ocrx_word' id='word_1_136' title='bbox 182 1623 273 1681; x_wconf 87' lang='lat' dir='ltr'><strong>animo</strong></span> <span class='ocrx_word' id='word_1_137' title='bbox 290 1622 372 1682; x_wconf 86' lang='lat' dir='ltr'><strong>divus</strong></span> <span class='ocrx_word' id='word_1_138' title='bbox 386 1622 466 1684; x_wconf 80' lang='lat' dir='ltr'><strong>Titus</strong></span> <span class='ocrx_word' id='word_1_139' title='bbox 481 1626 630 1684; x_wconf 89' lang='lat' dir='ltr'><strong>securitati</strong></span> <span class='ocrx_word' id='word_1_140' title='bbox 644 1616 930 1704; x_wconf 76' lang='lat' dir='ltr'><strong>nostraeullttonrque</strong></span> <span class='ocrx_word' id='word_1_141' title='bbox 947 1641 1109 1702; x_wconf 83' lang='lat' dir='ltr'><strong>prospexe-</strong></span> 
     </span>
     <span class='ocr_line' id='line_1_18' title="bbox 100 1704 1109 1810; baseline 0.004 -45"><span class='ocrx_word' id='word_1_142' title='bbox 100 1715 160 1783; x_wconf 85' lang='lat' dir='ltr'><strong>rat,</strong></span> <span class='ocrx_word' id='word_1_143' title='bbox 185 1704 309 1783; x_wconf 91' lang='lat' dir='ltr'><strong>ideoque</strong></span> <span class='ocrx_word' id='word_1_144' title='bbox 323 1707 481 1768; x_wconf 88' lang='lat' dir='ltr'><strong>numinibus</strong></span> <span class='ocrx_word' id='word_1_145' title='bbox 497 1717 634 1788; x_wconf 87' lang='lat' dir='ltr'><strong>aequatus</strong></span> <span class='ocrx_word' id='word_1_146' title='bbox 650 1708 791 1810; x_wconf 44' lang='lat' dir='ltr'><strong>estqsed</strong></span> <span class='ocrx_word' id='word_1_147' title='bbox 808 1718 911 1788; x_wconf 91' lang='lat' dir='ltr'><strong>quanto</strong></span> <span class='ocrx_word' id='word_1_148' title='bbox 931 1717 962 1768; x_wconf 89' lang='lat' dir='ltr'><strong>tu</strong></span> <span class='ocrx_word' id='word_1_149' title='bbox 983 1707 1109 1787; x_wconf 87' lang='lat' dir='ltr'><strong>quando·</strong></span> 
     </span>
     <span class='ocr_line' id='line_1_19' title="bbox 100 1788 1108 1872; baseline 0.003 -24"><span class='ocrx_word' id='word_1_150' title='bbox 100 1808 156 1869; x_wconf 91' lang='lat' dir='ltr'><strong>que</strong></span> <span class='ocrx_word' id='word_1_151' title='bbox 172 1788 286 1867; x_wconf 84' lang='lat' dir='ltr'><strong>dignior</strong></span> <span class='ocrx_word' id='word_1_152' title='bbox 299 1789 398 1868; x_wconf 86' lang='lat' dir='ltr'><strong>eaelo,</strong></span> <span class='ocrx_word' id='word_1_153' title='bbox 415 1793 463 1871; x_wconf 89' lang='lat' dir='ltr'><strong>qni</strong></span> <span class='ocrx_word' id='word_1_154' title='bbox 478 1800 521 1852; x_wconf 89' lang='lat' dir='ltr'><strong>tot</strong></span> <span class='ocrx_word' id='word_1_155' title='bbox 533 1809 582 1852; x_wconf 90' lang='lat' dir='ltr'><strong>res</strong></span> <span class='ocrx_word' id='word_1_156' title='bbox 597 1791 654 1853; x_wconf 89' lang='lat' dir='ltr'><strong>illis</strong></span> <span class='ocrx_word' id='word_1_157' title='bbox 669 1792 800 1854; x_wconf 77' lang='lat' dir='ltr'><strong>adiecisti</strong></span> <span class='ocrx_word' id='word_1_158' title='bbox 811 1802 931 1872; x_wconf 91' lang='lat' dir='ltr'><strong>propter</strong></span> <span class='ocrx_word' id='word_1_159' title='bbox 943 1809 1014 1870; x_wconf 90' lang='lat' dir='ltr'><strong>quas</strong></span> <span class='ocrx_word' id='word_1_160' title='bbox 1029 1792 1108 1853; x_wconf 92' lang='lat' dir='ltr'><strong>illum</strong></span> 
     </span>
     <span class='ocr_line' id='line_1_20' title="bbox 101 1873 1107 1955; baseline 0.002 -22"><span class='ocrx_word' id='word_1_161' title='bbox 101 1874 186 1933; x_wconf 89' lang='lat' dir='ltr'><strong>deum</strong></span> <span class='ocrx_word' id='word_1_162' title='bbox 196 1873 333 1935; x_wconf 85' lang='lat' dir='ltr'><strong>fecimus!</strong></span> <span class='ocrx_word' id='word_1_163' title='bbox 354 1873 387 1935; x_wconf 95' lang='lat' dir='ltr'><strong>ld</strong></span> <span class='ocrx_word' id='word_1_164' title='bbox 400 1874 457 1936; x_wconf 90' lang='lat' dir='ltr'><strong>hoo</strong></span> <span class='ocrx_word' id='word_1_165' title='bbox 467 1875 557 1953; x_wconf 85' lang='lat' dir='ltr'><strong>magis</strong></span> <span class='ocrx_word' id='word_1_166' title='bbox 570 1876 687 1936; x_wconf 88' lang='lat' dir='ltr'><strong>arduum</strong></span> <span class='ocrx_word' id='word_1_167' title='bbox 698 1876 767 1954; x_wconf 86' lang='lat' dir='ltr'><strong>luit,</strong></span> <span class='ocrx_word' id='word_1_168' title='bbox 782 1876 859 1955; x_wconf 92' lang='lat' dir='ltr'><strong>quod</strong></span> <span class='ocrx_word' id='word_1_169' title='bbox 870 1879 1025 1955; x_wconf 88' lang='lat' dir='ltr'><strong>imperator</strong></span> <span class='ocrx_word' id='word_1_170' title='bbox 1034 1874 1107 1936; x_wconf 86' lang='lat' dir='ltr'><strong>Ner-</strong></span> 
     </span>
     <span class='ocr_line' id='line_1_21' title="bbox 57 1957 1106 2038; baseline 0.003 -21"><span class='ocrx_word' id='word_1_171' title='bbox 57 1972 151 2034; x_wconf 76' lang='lat' dir='ltr'><strong>aova,</strong></span> <span class='ocrx_word' id='word_1_172' title='bbox 167 1966 196 2018; x_wconf 90' lang='lat' dir='ltr'><strong>te</strong></span> <span class='ocrx_word' id='word_1_173' title='bbox 213 1957 289 2035; x_wconf 87' lang='lat' dir='ltr'><strong>illio,</strong></span> <span class='ocrx_word' id='word_1_174' title='bbox 304 1966 333 2017; x_wconf 90' lang='lat' dir='ltr'><strong>te</strong></span> <span class='ocrx_word' id='word_1_175' title='bbox 348 1976 522 2019; x_wconf 90' lang='lat' dir='ltr'><strong>successore</strong></span> <span class='ocrx_word' id='word_1_176' title='bbox 539 1959 738 2037; x_wconf 85' lang='lat' dir='ltr'><strong>dignissimus,</strong></span> <span class='ocrx_word' id='word_1_177' title='bbox 754 1977 892 2038; x_wconf 82' lang='lat' dir='ltr'><strong>perquam</strong></span> <span class='ocrx_word' id='word_1_178' title='bbox 905 1975 1007 2035; x_wconf 78' lang='lat' dir='ltr'><strong>magna</strong></span> <span class='ocrx_word' id='word_1_179' title='bbox 1020 1977 1106 2038; x_wconf 85' lang='lat' dir='ltr'><strong>qnae·</strong></span> 
     </span>
     <span class='ocr_line' id='line_1_22' title="bbox 100 2040 1107 2137; baseline 0.002 -37"><span class='ocrx_word' id='word_1_180' title='bbox 100 2041 163 2100; x_wconf 93' lang='lat' dir='ltr'><strong>dam</strong></span> <span class='ocrx_word' id='word_1_181' title='bbox 183 2041 278 2101; x_wconf 91' lang='lat' dir='ltr'><strong>edicto</strong></span> <span class='ocrx_word' id='word_1_182' title='bbox 293 2040 348 2101; x_wconf 81' lang='lat' dir='ltr'><strong>Titi</strong></span> <span class='ocrx_word' id='word_1_183' title='bbox 367 2041 562 2118; x_wconf 83' lang='lat' dir='ltr'><strong>adstruxerat,</strong></span> <span class='ocrx_word' id='word_1_184' title='bbox 584 2043 711 2137; x_wconf 80' lang='lat' dir='ltr'><strong>nihilque</strong></span> <span class='ocrx_word' id='word_1_185' title='bbox 726 2042 878 2122; x_wconf 89' lang='lat' dir='ltr'><strong>reliquisse</strong></span> <span class='ocrx_word' id='word_1_186' title='bbox 892 2043 946 2101; x_wconf 90' lang='lat' dir='ltr'><strong>nisi</strong></span> <span class='ocrx_word' id='word_1_187' title='bbox 961 2042 1013 2101; x_wconf 90' lang='lat' dir='ltr'><strong>tibi</strong></span> <span class='ocrx_word' id='word_1_188' title='bbox 1028 2041 1107 2102; x_wconf 85' lang='lat' dir='ltr'><strong>vide·</strong></span> 
     </span>
     <span class='ocr_line' id='line_1_23' title="bbox 99 2123 1106 2204; baseline -0.001 -19"><span class='ocrx_word' id='word_1_189' title='bbox 99 2125 198 2202; x_wconf 90' lang='lat' dir='ltr'><strong>batur,</strong></span> <span class='ocrx_word' id='word_1_190' title='bbox 221 2126 269 2203; x_wconf 93' lang='lat' dir='ltr'><strong>qui</strong></span> <span class='ocrx_word' id='word_1_191' title='bbox 284 2133 340 2184; x_wconf 91' lang='lat' dir='ltr'><strong>tam</strong></span> <span class='ocrx_word' id='word_1_192' title='bbox 354 2125 441 2186; x_wconf 90' lang='lat' dir='ltr'><strong>multa</strong></span> <span class='ocrx_word' id='word_1_193' title='bbox 456 2127 644 2204; x_wconf 81' lang='lat' dir='ltr'><strong>excogitasti,</strong></span> <span class='ocrx_word' id='word_1_194' title='bbox 666 2134 697 2186; x_wconf 90' lang='lat' dir='ltr'><strong>ut</strong></span> <span class='ocrx_word' id='word_1_195' title='bbox 710 2129 736 2188; x_wconf 92' lang='lat' dir='ltr'><strong>si</strong></span> <span class='ocrx_word' id='word_1_196' title='bbox 749 2137 814 2188; x_wconf 92' lang='lat' dir='ltr'><strong>ante</strong></span> <span class='ocrx_word' id='word_1_197' title='bbox 829 2135 858 2187; x_wconf 90' lang='lat' dir='ltr'><strong>te</strong></span> <span class='ocrx_word' id='word_1_198' title='bbox 879 2123 948 2186; x_wconf 87' lang='lat' dir='ltr'><strong>nihil</strong></span> <span class='ocrx_word' id='word_1_199' title='bbox 964 2134 1045 2186; x_wconf 88' lang='lat' dir='ltr'><strong>esset</strong></span> <span class='ocrx_word' id='word_1_200' title='bbox 1065 2127 1106 2185; x_wconf 92' lang='lat' dir='ltr'><strong>in-</strong></span> 
     </span>
     <span class='ocr_line' id='line_1_24' title="bbox 99 2206 1106 2289; baseline 0.001 -21"><span class='ocrx_word' id='word_1_201' title='bbox 99 2217 224 2268; x_wconf 89' lang='lat' dir='ltr'><strong>ventum.</strong></span> <span class='ocrx_word' id='word_1_202' title='bbox 245 2206 325 2281; x_wconf 85' lang='lat' dir='ltr'><strong>Quae</strong></span> <span class='ocrx_word' id='word_1_203' title='bbox 340 2208 452 2288; x_wconf 82' lang='lat' dir='ltr'><strong>singula</strong></span> <span class='ocrx_word' id='word_1_204' title='bbox 467 2219 601 2289; x_wconf 89' lang='lat' dir='ltr'><strong>quantum</strong></span> <span class='ocrx_word' id='word_1_205' title='bbox 615 2210 667 2271; x_wconf 87' lang='lat' dir='ltr'><strong>tibi</strong></span> <span class='ocrx_word' id='word_1_206' title='bbox 681 2213 789 2287; x_wconf 75' lang='lat' dir='ltr'><strong>gratiae</strong></span> <span class='ocrx_word' id='word_1_207' title='bbox 806 2209 970 2288; x_wconf 84' lang='lat' dir='ltr'><strong>dispensata</strong></span> <span class='ocrx_word' id='word_1_208' title='bbox 985 2207 1106 2269; x_wconf 87' lang='lat' dir='ltr'><strong>adiecis-</strong></span> 
     </span>
     <span class='ocr_line' id='line_1_25' title="bbox 99 2289 1107 2372; baseline 0.001 -21"><span class='ocrx_word' id='word_1_209' title='bbox 99 2290 177 2352; x_wconf 84' lang='lat' dir='ltr'><strong>sent!</strong></span> <span class='ocrx_word' id='word_1_210' title='bbox 213 2289 253 2352; x_wconf 80' lang='lat' dir='ltr'><strong>At</strong></span> <span class='ocrx_word' id='word_1_211' title='bbox 268 2301 298 2353; x_wconf 91' lang='lat' dir='ltr'><strong>tu</strong></span> <span class='ocrx_word' id='word_1_212' title='bbox 313 2292 395 2353; x_wconf 87' lang='lat' dir='ltr'><strong>simul</strong></span> <span class='ocrx_word' id='word_1_213' title='bbox 409 2296 502 2354; x_wconf 90' lang='lat' dir='ltr'><strong>omnia</strong></span> <span class='ocrx_word' id='word_1_214' title='bbox 517 2292 685 2372; x_wconf 82' lang='lat' dir='ltr'><strong>profudisti,</strong></span> <span class='ocrx_word' id='word_1_215' title='bbox 712 2301 743 2353; x_wconf 89' lang='lat' dir='ltr'><strong>nt</strong></span> <span class='ocrx_word' id='word_1_216' title='bbox 763 2292 809 2355; x_wconf 91' lang='lat' dir='ltr'><strong>sol</strong></span> <span class='ocrx_word' id='word_1_217' title='bbox 830 2301 860 2353; x_wconf 92' lang='lat' dir='ltr'><strong>et</strong></span> <span class='ocrx_word' id='word_1_218' title='bbox 879 2292 941 2353; x_wconf 91' lang='lat' dir='ltr'><strong>dies</strong></span> <span class='ocrx_word' id='word_1_219' title='bbox 954 2309 1011 2351; x_wconf 94' lang='lat' dir='ltr'><strong>non</strong></span> <span class='ocrx_word' id='word_1_220' title='bbox 1026 2301 1107 2369; x_wconf 90' lang='lat' dir='ltr'><strong>parte</strong></span> 
     </span>
     <span class='ocr_line' id='line_1_26' title="bbox 55 2376 1105 2455; baseline -0.006 -15"><span class='ocrx_word' id='word_1_221' title='bbox 55 2389 90 2440; x_wconf 77' lang='lat'><strong>25</strong></span> <span class='ocrx_word' id='word_1_222' title='bbox 99 2376 193 2455; x_wconf 87' lang='lat' dir='ltr'><strong>aliqua</strong></span> <span class='ocrx_word' id='word_1_223' title='bbox 207 2376 259 2436; x_wconf 89' lang='lat' dir='ltr'><strong>sed</strong></span> <span class='ocrx_word' id='word_1_224' title='bbox 270 2378 365 2437; x_wconf 89' lang='lat' dir='ltr'><strong>statim</strong></span> <span class='ocrx_word' id='word_1_225' title='bbox 378 2386 473 2454; x_wconf 89' lang='lat' dir='ltr'><strong>totus,</strong></span> <span class='ocrx_word' id='word_1_226' title='bbox 491 2396 547 2438; x_wconf 91' lang='lat' dir='ltr'><strong>nec</strong></span> <span class='ocrx_word' id='word_1_227' title='bbox 558 2379 605 2438; x_wconf 94' lang='lat' dir='ltr'><strong>uni</strong></span> <span class='ocrx_word' id='word_1_228' title='bbox 618 2386 666 2439; x_wconf 91' lang='lat' dir='ltr'><strong>aut</strong></span> <span class='ocrx_word' id='word_1_229' title='bbox 680 2377 762 2438; x_wconf 89' lang='lat' dir='ltr'><strong>alteri</strong></span> <span class='ocrx_word' id='word_1_230' title='bbox 777 2376 830 2439; x_wconf 89' lang='lat' dir='ltr'><strong>sed</strong></span> <span class='ocrx_word' id='word_1_231' title='bbox 845 2376 974 2436; x_wconf 90' lang='lat' dir='ltr'><strong>omnibus</strong></span> <span class='ocrx_word' id='word_1_232' title='bbox 989 2377 1016 2434; x_wconf 93' lang='lat' dir='ltr'><strong>in</strong></span> <span class='ocrx_word' id='word_1_233' title='bbox 1027 2392 1105 2436; x_wconf 88' lang='lat' dir='ltr'><strong>oom-</strong></span> 
     </span>
     <span class='ocr_line' id='line_1_27' title="bbox 98 2459 350 2538; baseline 0 -20"><span class='ocrx_word' id='word_1_234' title='bbox 98 2477 181 2520; x_wconf 92' lang='lat' dir='ltr'><strong>mune</strong></span> <span class='ocrx_word' id='word_1_235' title='bbox 196 2459 350 2538; x_wconf 86' lang='lat' dir='ltr'><strong>profertur.</strong></span> 
     </span>
    </p>

    <p class='ocr_par' dir='ltr' id='par_1_3' title="bbox 97 2541 1157 2792">
     <span class='ocr_line' id='line_1_28' title="bbox 161 2541 1157 2624; baseline -0.002 -20"><span class='ocrx_word' id='word_1_236' title='bbox 161 2542 252 2617; x_wconf 81' lang='lat' dir='ltr'><strong>Quam</strong></span> <span class='ocrx_word' id='word_1_237' title='bbox 270 2546 349 2605; x_wconf 87' lang='lat' dir='ltr'><strong>iuvat</strong></span> <span class='ocrx_word' id='word_1_238' title='bbox 370 2564 490 2606; x_wconf 90' lang='lat' dir='ltr'><strong>cernere</strong></span> <span class='ocrx_word' id='word_1_239' title='bbox 513 2547 652 2606; x_wconf 87' lang='lat' dir='ltr'><strong>aerarium</strong></span> <span class='ocrx_word' id='word_1_240' title='bbox 672 2545 760 2605; x_wconf 89' lang='lat' dir='ltr'><strong>silens</strong></span> <span class='ocrx_word' id='word_1_241' title='bbox 777 2553 806 2604; x_wconf 90' lang='lat' dir='ltr'><strong>et</strong></span> <span class='ocrx_word' id='word_1_242' title='bbox 826 2547 953 2624; x_wconf 90' lang='lat' dir='ltr'><strong>quietum</strong></span> <span class='ocrx_word' id='word_1_243' title='bbox 974 2551 1005 2604; x_wconf 83' lang='lat' dir='ltr'><strong>et</strong></span> <span class='ocrx_word' id='word_1_244' title='bbox 1018 2541 1103 2622; x_wconf 89' lang='lat' dir='ltr'><strong>quale</strong></span> <span class='ocrx_word' id='word_1_245' title='bbox 1116 2551 1157 2613; x_wconf 82' lang='lat'><strong>36</strong></span> 
     </span>
     <span class='ocr_line' id='line_1_29' title="bbox 97 2627 1104 2709; baseline -0.003 -22"><span class='ocrx_word' id='word_1_246' title='bbox 97 2637 163 2687; x_wconf 89' lang='lat' dir='ltr'><strong>ante</strong></span> <span class='ocrx_word' id='word_1_247' title='bbox 179 2627 324 2690; x_wconf 87' lang='lat' dir='ltr'><strong>delatores</strong></span> <span class='ocrx_word' id='word_1_248' title='bbox 338 2629 413 2690; x_wconf 82' lang='lat' dir='ltr'><strong>erat!</strong></span> <span class='ocrx_word' id='word_1_249' title='bbox 428 2627 511 2690; x_wconf 87' lang='lat' dir='ltr'><strong>Nunc</strong></span> <span class='ocrx_word' id='word_1_250' title='bbox 522 2629 657 2709; x_wconf 88' lang='lat' dir='ltr'><strong>templum</strong></span> <span class='ocrx_word' id='word_1_251' title='bbox 672 2628 757 2707; x_wconf 96' lang='lat' dir='ltr'><strong>illud,</strong></span> <span class='ocrx_word' id='word_1_252' title='bbox 773 2647 848 2688; x_wconf 92' lang='lat' dir='ltr'><strong>nunc</strong></span> <span class='ocrx_word' id='word_1_253' title='bbox 860 2647 930 2688; x_wconf 86' lang='lat' dir='ltr'><strong>vere</strong></span> <span class='ocrx_word' id='word_1_254' title='bbox 942 2627 1030 2703; x_wconf 88' lang='lat' dir='ltr'><strong>deus,</strong></span> <span class='ocrx_word' id='word_1_255' title='bbox 1046 2644 1104 2685; x_wconf 94' lang='lat' dir='ltr'><strong>non</strong></span> 
     </span>
     <span class='ocr_line' id='line_1_30' title="bbox 100 2710 1105 2792; baseline -0.003 -21"><span class='ocrx_word' id='word_1_256' title='bbox 100 2710 264 2789; x_wconf 90' lang='lat' dir='ltr'><strong>spoliarium</strong></span> <span class='ocrx_word' id='word_1_257' title='bbox 284 2714 388 2773; x_wconf 84' lang='lat' dir='ltr'><strong>civium</strong></span> <span class='ocrx_word' id='word_1_258' title='bbox 410 2723 645 2792; x_wconf 89' lang='lat' dir='ltr'><strong>omentarumque</strong></span> <span class='ocrx_word' id='word_1_259' title='bbox 662 2713 830 2790; x_wconf 88' lang='lat' dir='ltr'><strong>praedarum-</strong></span> <span class='ocrx_word' id='word_1_260' title='bbox 842 2729 959 2772; x_wconf 86' lang='lat' dir='ltr'><strong>saevum</strong></span> <span class='ocrx_word' id='word_1_261' title='bbox 973 2718 1105 2787; x_wconf 89' lang='lat' dir='ltr'><strong>recepta·</strong></span> 
     </span>
    </p>

    <p class='ocr_par' dir='ltr' id='par_1_4' title="bbox 54 2792 1104 2872">
     <span class='ocr_line' id='line_1_31' title="bbox 54 2792 1104 2872; baseline -0.004 -19"><span class='ocrx_word' id='word_1_262' title='bbox 54 2800 89 2853; x_wconf 85' lang='lat'><strong>30</strong></span> <span class='ocrx_word' id='word_1_263' title='bbox 101 2793 211 2872; x_wconf 89' lang='lat' dir='ltr'><strong>culum,</strong></span> <span class='ocrx_word' id='word_1_264' title='bbox 226 2812 260 2855; x_wconf 90' lang='lat' dir='ltr'><strong>ac</strong></span> <span class='ocrx_word' id='word_1_265' title='bbox 274 2805 335 2856; x_wconf 91' lang='lat' dir='ltr'><strong>toto</strong></span> <span class='ocrx_word' id='word_1_266' title='bbox 350 2797 380 2855; x_wconf 94' lang='lat' dir='ltr'><strong>in</strong></span> <span class='ocrx_word' id='word_1_267' title='bbox 394 2796 465 2857; x_wconf 93' lang='lat' dir='ltr'><strong>orbe</strong></span> <span class='ocrx_word' id='word_1_268' title='bbox 479 2805 617 2857; x_wconf 89' lang='lat' dir='ltr'><strong>terrarum</strong></span> <span class='ocrx_word' id='word_1_269' title='bbox 630 2795 723 2856; x_wconf 89' lang='lat' dir='ltr'><strong>adhuc</strong></span> <span class='ocrx_word' id='word_1_270' title='bbox 738 2795 820 2856; x_wconf 92' lang='lat' dir='ltr'><strong>locus</strong></span> <span class='ocrx_word' id='word_1_271' title='bbox 832 2813 904 2855; x_wconf 89' lang='lat' dir='ltr'><strong>unus</strong></span> <span class='ocrx_word' id='word_1_272' title='bbox 919 2795 947 2852; x_wconf 94' lang='lat' dir='ltr'><strong>in</strong></span> <span class='ocrx_word' id='word_1_273' title='bbox 964 2808 1020 2870; x_wconf 93' lang='lat' dir='ltr'><strong>quo</strong></span> <span class='ocrx_word' id='word_1_274' title='bbox 1031 2792 1104 2870; x_wconf 90' lang='lat' dir='ltr'><strong>opti·</strong></span> 
     </span>
    </p>

    <p class='ocr_par' dir='ltr' id='par_1_5' title="bbox 40 2874 1104 3208">
     <span class='ocr_line' id='line_1_32' title="bbox 40 2874 1103 2956; baseline -0.004 -18"><span class='ocrx_word' id='word_1_275' title='bbox 40 2880 43 2884; x_wconf 88' lang='grc'>’</span> <span class='ocrx_word' id='word_1_276' title='bbox 96 2895 143 2938; x_wconf 92' lang='lat' dir='ltr'><strong>mo</strong></span> <span class='ocrx_word' id='word_1_277' title='bbox 159 2878 288 2955; x_wconf 87' lang='lat' dir='ltr'><strong>principa</strong></span> <span class='ocrx_word' id='word_1_278' title='bbox 304 2878 371 2938; x_wconf 91' lang='lat' dir='ltr'><strong>boni</strong></span> <span class='ocrx_word' id='word_1_279' title='bbox 386 2878 467 2940; x_wconf 90' lang='lat' dir='ltr'><strong>malis</strong></span> <span class='ocrx_word' id='word_1_280' title='bbox 482 2880 596 2956; x_wconf 90' lang='lat' dir='ltr'><strong>inpares</strong></span> <span class='ocrx_word' id='word_1_281' title='bbox 612 2887 720 2940; x_wconf 88' lang='lat' dir='ltr'><strong>essent.</strong></span> <span class='ocrx_word' id='word_1_282' title='bbox 738 2875 834 2938; x_wconf 76' lang='lat' dir='ltr'><strong>Manet</strong></span> <span class='ocrx_word' id='word_1_283' title='bbox 849 2886 943 2938; x_wconf 85' lang='lat' dir='ltr'><strong>tamen</strong></span> <span class='ocrx_word' id='word_1_284' title='bbox 956 2875 1048 2936; x_wconf 93' lang='lat' dir='ltr'><strong>honor</strong></span> <span class='ocrx_word' id='word_1_285' title='bbox 1062 2874 1103 2935; x_wconf 89' lang='lat' dir='ltr'><strong>le·</strong></span> 
     </span>
     <span class='ocr_line' id='line_1_33' title="bbox 97 2959 1104 3040; baseline -0.003 -21"><span class='ocrx_word' id='word_1_286' title='bbox 97 2979 181 3039; x_wconf 84' lang='lat' dir='ltr'><strong>gum,</strong></span> <span class='ocrx_word' id='word_1_287' title='bbox 202 2960 330 3040; x_wconf 90' lang='lat' dir='ltr'><strong>nihilque</strong></span> <span class='ocrx_word' id='word_1_288' title='bbox 346 2980 382 3021; x_wconf 88' lang='lat' dir='ltr'><strong>ex</strong></span> <span class='ocrx_word' id='word_1_289' title='bbox 395 2961 510 3040; x_wconf 90' lang='lat' dir='ltr'><strong>publica</strong></span> <span class='ocrx_word' id='word_1_290' title='bbox 524 2961 646 3022; x_wconf 92' lang='lat' dir='ltr'><strong>utilitate</strong></span> <span class='ocrx_word' id='word_1_291' title='bbox 659 2960 844 3036; x_wconf 82' lang='lat' dir='ltr'><strong>convulsum,</strong></span> <span class='ocrx_word' id='word_1_292' title='bbox 866 2978 922 3020; x_wconf 90' lang='lat' dir='ltr'><strong>nec</strong></span> <span class='ocrx_word' id='word_1_293' title='bbox 937 2976 1030 3038; x_wconf 90' lang='lat' dir='ltr'><strong>poena</strong></span> <span class='ocrx_word' id='word_1_294' title='bbox 1045 2959 1104 3017; x_wconf 92' lang='lat' dir='ltr'><strong>cui·</strong></span> 
     </span>
     <span class='ocr_line' id='line_1_34' title="bbox 97 3041 1103 3124; baseline -0.004 -20"><span class='ocrx_word' id='word_1_295' title='bbox 97 3063 181 3124; x_wconf 91' lang='lat' dir='ltr'><strong>quarn</strong></span> <span class='ocrx_word' id='word_1_296' title='bbox 201 3047 338 3122; x_wconf 86' lang='lat' dir='ltr'><strong>remissa,</strong></span> <span class='ocrx_word' id='word_1_297' title='bbox 362 3044 415 3106; x_wconf 88' lang='lat' dir='ltr'><strong>sed</strong></span> <span class='ocrx_word' id='word_1_298' title='bbox 430 3044 523 3106; x_wconf 86' lang='lat' dir='ltr'><strong>addita</strong></span> <span class='ocrx_word' id='word_1_299' title='bbox 537 3054 584 3105; x_wconf 88' lang='lat' dir='ltr'><strong>est</strong></span> <span class='ocrx_word' id='word_1_300' title='bbox 599 3044 687 3123; x_wconf 89' lang='lat' dir='ltr'><strong>ultio,</strong></span> <span class='ocrx_word' id='word_1_301' title='bbox 712 3044 863 3122; x_wconf 88' lang='lat' dir='ltr'><strong>solumque</strong></span> <span class='ocrx_word' id='word_1_302' title='bbox 877 3052 1011 3104; x_wconf 90' lang='lat' dir='ltr'><strong>mutatum</strong></span> <span class='ocrx_word' id='word_1_303' title='bbox 1026 3041 1103 3121; x_wconf 93' lang='lat' dir='ltr'><strong>quod</strong></span> 
     </span>
     <span class='ocr_line' id='line_1_35' title="bbox 96 3125 1104 3208; baseline -0.004 -20"><span class='ocrx_word' id='word_1_304' title='bbox 96 3130 151 3189; x_wconf 91' lang='lat' dir='ltr'><strong>iam</strong></span> <span class='ocrx_word' id='word_1_305' title='bbox 166 3146 223 3188; x_wconf 95' lang='lat' dir='ltr'><strong>non</strong></span> <span class='ocrx_word' id='word_1_306' title='bbox 238 3127 380 3190; x_wconf 90' lang='lat' dir='ltr'><strong>delatores</strong></span> <span class='ocrx_word' id='word_1_307' title='bbox 396 3129 449 3189; x_wconf 89' lang='lat' dir='ltr'><strong>sed</strong></span> <span class='ocrx_word' id='word_1_308' title='bbox 463 3128 546 3208; x_wconf 78' lang='lat' dir='ltr'><strong>leges</strong></span> <span class='ocrx_word' id='word_1_309' title='bbox 566 3128 708 3190; x_wconf 88' lang='lat' dir='ltr'><strong>timentur.</strong></span> <span class='ocrx_word' id='word_1_310' title='bbox 743 3127 781 3189; x_wconf 82' lang='lat' dir='ltr'><strong>ht</strong></span> <span class='ocrx_word' id='word_1_311' title='bbox 794 3127 919 3188; x_wconf 83' lang='lat' dir='ltr'><strong>fortasse</strong></span> <span class='ocrx_word' id='word_1_312' title='bbox 932 3145 989 3187; x_wconf 93' lang='lat' dir='ltr'><strong>non</strong></span> <span class='ocrx_word' id='word_1_313' title='bbox 1003 3125 1104 3187; x_wconf 88' lang='lat' dir='ltr'><strong>eadem</strong></span> 
     </span>
    </p>

    <p class='ocr_par' dir='ltr' id='par_1_6' title="bbox 54 3210 1104 3460">
     <span class='ocr_line' id='line_1_36' title="bbox 54 3210 1102 3292; baseline -0.008 -16"><span class='ocrx_word' id='word_1_314' title='bbox 54 3214 250 3276; x_wconf 78' lang='lat' dir='ltr'><strong>35severitate</strong></span> <span class='ocrx_word' id='word_1_315' title='bbox 270 3213 370 3273; x_wconf 88' lang='lat' dir='ltr'><strong>liscum</strong></span> <span class='ocrx_word' id='word_1_316' title='bbox 391 3231 447 3292; x_wconf 92' lang='lat' dir='ltr'><strong>qua</strong></span> <span class='ocrx_word' id='word_1_317' title='bbox 463 3212 602 3273; x_wconf 91' lang='lat' dir='ltr'><strong>aerarium</strong></span> <span class='ocrx_word' id='word_1_318' title='bbox 624 3212 757 3274; x_wconf 89' lang='lat' dir='ltr'><strong>cohibes:</strong></span> <span class='ocrx_word' id='word_1_319' title='bbox 782 3213 866 3272; x_wconf 88' lang='lat' dir='ltr'><strong>immo</strong></span> <span class='ocrx_word' id='word_1_320' title='bbox 886 3219 962 3271; x_wconf 91' lang='lat' dir='ltr'><strong>tanto</strong></span> <span class='ocrx_word' id='word_1_321' title='bbox 983 3210 1102 3282; x_wconf 91' lang='lat' dir='ltr'><strong>maiore,</strong></span> 
     </span>
     <span class='ocr_line' id='line_1_37' title="bbox 98 3292 1104 3376; baseline -0.011 -17"><span class='ocrx_word' id='word_1_322' title='bbox 98 3296 278 3376; x_wconf 87' lang='lat' dir='ltr'><strong>quantoplus</strong></span> <span class='ocrx_word' id='word_1_323' title='bbox 294 3296 344 3357; x_wconf 89' lang='lat' dir='ltr'><strong>tibi</strong></span> <span class='ocrx_word' id='word_1_324' title='bbox 359 3295 450 3357; x_wconf 90' lang='lat' dir='ltr'><strong>licere</strong></span> <span class='ocrx_word' id='word_1_325' title='bbox 465 3295 501 3356; x_wconf 90' lang='lat' dir='ltr'><strong>de</strong></span> <span class='ocrx_word' id='word_1_326' title='bbox 512 3306 562 3357; x_wconf 91' lang='lat' dir='ltr'><strong>tuo</strong></span> <span class='ocrx_word' id='word_1_327' title='bbox 578 3314 661 3375; x_wconf 93' lang='lat' dir='ltr'><strong>quam</strong></span> <span class='ocrx_word' id='word_1_328' title='bbox 676 3296 712 3357; x_wconf 91' lang='lat' dir='ltr'><strong>de</strong></span> <span class='ocrx_word' id='word_1_329' title='bbox 725 3295 845 3374; x_wconf 89' lang='lat' dir='ltr'><strong>publico</strong></span> <span class='ocrx_word' id='word_1_330' title='bbox 862 3294 965 3356; x_wconf 85' lang='lat' dir='ltr'><strong>credis.</strong></span> <span class='ocrx_word' id='word_1_331' title='bbox 993 3292 1104 3351; x_wconf 87' lang='lat' dir='ltr'><strong>Dicitur</strong></span> 
     </span>
     <span class='ocr_line' id='line_1_38' title="bbox 97 3373 1103 3460; baseline -0.007 -20"><span class='ocrx_word' id='word_1_332' title='bbox 97 3384 186 3443; x_wconf 87' lang='lat' dir='ltr'><strong>actori</strong></span> <span class='ocrx_word' id='word_1_333' title='bbox 200 3390 285 3460; x_wconf 89' lang='lat' dir='ltr'><strong>atque</strong></span> <span class='ocrx_word' id='word_1_334' title='bbox 301 3381 385 3441; x_wconf 92' lang='lat' dir='ltr'><strong>etiam</strong></span> <span class='ocrx_word' id='word_1_335' title='bbox 400 3382 577 3460; x_wconf 89' lang='lat' dir='ltr'><strong>procuratori</strong></span> <span class='ocrx_word' id='word_1_336' title='bbox 591 3390 640 3441; x_wconf 92' lang='lat' dir='ltr'><strong>tuo</strong></span> <span class='ocrx_word' id='word_1_337' title='bbox 656 3381 697 3441; x_wconf 75' lang='lat' dir='ltr'><strong>‘in</strong></span> <span class='ocrx_word' id='word_1_338' title='bbox 712 3381 756 3440; x_wconf 92' lang='lat' dir='ltr'><strong>ius</strong></span> <span class='ocrx_word' id='word_1_339' title='bbox 768 3379 849 3457; x_wconf 82' lang='lat' dir='ltr'><strong>veni,</strong></span> <span class='ocrx_word' id='word_1_340' title='bbox 864 3393 989 3456; x_wconf 90' lang='lat' dir='ltr'><strong>sequere</strong></span> <span class='ocrx_word' id='word_1_341' title='bbox 1004 3374 1039 3435; x_wconf 91' lang='lat' dir='ltr'><strong>ad</strong></span> <span class='ocrx_word' id='word_1_342' title='bbox 1054 3373 1103 3434; x_wconf 88' lang='lat' dir='ltr'><strong>tri·</strong></span> 
     </span>
    </p>
   </div>
   <div class='ocr_carea' id='block_1_3' title="bbox 98 3461 1103 3606">
    <p class='ocr_par' dir='ltr' id='par_1_7' title="bbox 98 3461 1103 3606">
     <span class='ocr_line' id='line_1_39' title="bbox 98 3461 1103 3606; baseline -0.009 -81"><span class='ocrx_word' id='word_1_343' title='bbox 98 3464 205 3526; x_wconf 87' lang='lat' dir='ltr'><strong>bunal&#39;.</strong></span> <span class='ocrx_word' id='word_1_344' title='bbox 233 3464 305 3528; x_wconf 89' lang='lat' dir='ltr'><strong>Nam</strong></span> <span class='ocrx_word' id='word_1_345' title='bbox 319 3463 440 3526; x_wconf 88' lang='lat' dir='ltr'><strong>tribunal</strong></span> <span class='ocrx_word' id='word_1_346' title='bbox 456 3480 571 3544; x_wconf 92' lang='lat' dir='ltr'><strong>quoque</strong></span> <span class='ocrx_word' id='word_1_347' title='bbox 587 3465 779 3544; x_wconf 77' lang='lat' dir='ltr'><strong>axeogtamm</strong></span> <span class='ocrx_word' id='word_1_348' title='bbox 791 3461 960 3606; x_wconf 72' lang='lat' dir='ltr'><strong>priqqipatui</strong></span> <span class='ocrx_word' id='word_1_349' title='bbox 976 3467 1035 3535; x_wconf 88' lang='lat' dir='ltr'><strong>est,</strong></span> <span class='ocrx_word' id='word_1_350' title='bbox 1052 3474 1103 3535; x_wconf 93' lang='lat' dir='ltr'><strong>par</strong></span> 
     </span>
    </p>
   </div>
   <div class='ocr_carea' id='block_1_4' title="bbox 0 0 1204 3840">
    <p class='ocr_par' dir='ltr' id='par_1_8' title="bbox 0 0 1204 3840">
     <span class='ocr_line' id='line_1_40' title="bbox 0 0 1204 3840; baseline 0 2"><span class='ocrx_word' id='word_1_351' title='bbox 0 0 1204 3840; x_wconf 95' lang='lat' dir='ltr'><strong> </strong></span> 
     </span>
    </p>
   </div>
  </div>
 </body>
</html>
