2400 3840
86 112 126 177 lu
513 108 545 171 G.
566 109 665 172 PllNl

85 268 130 328 oia
146 264 223 342 mihi,
240 280 297 323 nou
311 263 384 323 haee
401 266 505 325 ‘senex
519 271 596 340 erat,
619 263 744 324 inlrrmus
761 267 833 323 erat’
850 263 939 342 (lraeo
956 264 1076 325 enimuo·
1153 325 1157 332 ,
1188 312 1196 334 ,

84 349 144 428 vi),
159 348 212 410 sed
225 366 299 409 nova
313 347 417 426 aliqua,
433 348 486 408 sed
499 364 610 425 magua,
627 364 700 425 quae
714 346 850 408 audierim
867 365 1031 426 numquam,
1043 346 1076 407 le·
1143 366 1175 423 Π
1185 390 1200 417 ,4

85 435 175 511 gerim
186 450 343 511 numquam.
365 430 437 491 Nam
453 450 526 510 quae
542 429 653 509 audivi,
670 448 743 509 quae
759 430 835 509 legi,
851 440 959 511 sponte
975 448 1076 493 sueonu-
1143 459 1178 508 p„

83 526 165 595 runt,
182 515 234 577 sed
248 525 326 576 tantu
342 514 443 576 dolore
457 524 635 594 superantur.
667 513 749 576 Vale.
1144 552 1200 595 ,ῃ

549 644 627 707 xm
1083 604 1095 656 ⁵
1141 635 1190 675 lec

292 744 319 798 o.
338 743 463 796 rnrurus
482 742 573 795 sosro
593 742 761 795 snunoronu
775 742 836 796 suu
855 744 883 794 s,
1144 718 1196 842 {2

64 868 79 919 1
149 850 281 929 Magnum
295 857 466 929 proventum
480 855 629 927 poetamm
644 867 732 910 annus
747 847 906 910 hioattulit.
931 848 1006 911 'l'oto
1014 866 1078 910 neu·
1145 884 1193 925 κς

87 954 121 997 se
136 934 230 1014 Aprili
246 931 341 993 nullus
359 932 421 992 iere
440 932 501 993 dies
519 949 576 1010 quo
591 950 648 993 non
662 935 797 994 reoitaret
814 932 928 1012 aliquis.
951 932 1030 995 Iuvat
1043 950 1078 992 ne
1164 975 1171 990 .

86 1017 163 1097 quod
177 1019 275 1094 rigent
289 1014 391 1092 studia,
406 1015 555 1094 proferunt
569 1034 602 1076 se
617 1018 731 1095 ingenia
741 1016 884 1077 hominurn
894 1026 926 1078 et
938 1024 1107 1093 ostentautlt
1140 1016 1195 1111 qs:

58 1102 197 1169 utametsi
212 1101 247 1159 ad
262 1099 430 1160 audiendum
444 1100 527 1178 pigre
543 1101 643 1160 ooitur.
669 1101 804 1180 Plerique
818 1103 846 1161 in
861 1102 1032 1163 stationibus
1043 1118 1080 1163 so·
1148 1120 1200 1177 sti

85 1184 153 1245 dent
163 1193 335 1263 tempusque
349 1182 480 1244 audiendi
495 1183 597 1244 fabulis
614 1194 763 1245 conterunt
774 1203 809 1246 ao
820 1185 942 1246 subinde
957 1186 1013 1247 sibi
1023 1203 1080 1245 uun·
1195 1222 1200 1246 t

84 1270 147 1328 tiari
163 1268 260 1328 iubent
274 1286 309 1328 au
322 1269 376 1328 iarn
390 1268 525 1328 recitator
538 1269 694 1346 intraverit,
708 1287 744 1329 an
758 1268 859 1329 dixerit
873 1267 1080 1348 praefationem,
1152 1282 1200 1341 22·

85 1370 119 1413 an
135 1370 172 1413 ex
185 1370 285 1431 magna
299 1360 380 1432 parte
392 1350 532 1412 evolverit
542 1351 658 1412 librum:
674 1362 742 1413 tune
755 1354 877 1431 demum,
894 1370 930 1414 ao
942 1362 1011 1414 tune
1022 1369 1082 1434 quo

85 1455 142 1516 que
156 1436 235 1498 lente
251 1446 475 1515 cunctanterque
495 1438 625 1504 veuiuut;
647 1454 704 1497 neo
723 1445 817 1497 tumen
838 1447 1026 1519 permanent,
1039 1433 1110 1498 redu
1151 1445 1199 1507 {ita

84 1530 150 1581 ante
166 1522 249 1581 linem
268 1520 425 1597 recedunt,
439 1519 486 1579 alii
504 1518 712 1581 dIssimulanter
726 1528 755 1581 et
769 1520 875 1597 furtim,
892 1519 940 1582 alil
956 1520 1082 1602 simplici
1167 1532 1189 1583 κ’

60 1611 129 1665 3ter
145 1613 174 1663 et
188 1603 289 1663 libere.
311 1602 358 1662 Ad
373 1601 499 1663 Hercule
513 1605 648 1663 memoria
661 1613 808 1683 parentum
825 1600 975 1665 claudium
987 1602 1083 1667 cuara·
1198 1635 1200 1648 ‚

84 1687 271 1764 rumimunt,
295 1704 358 1746 oum
373 1688 401 1746 in
417 1684 521 1765 palatio
538 1689 709 1766 spatiaretur
722 1688 907 1766 audissetque
924 1688 1084 1765 clamoren,
1192 1697 1198 1706 '

86 1787 199 1831 oausam
219 1771 394 1848 requisisse,
417 1788 538 1848 eumque
561 1771 666 1832 dietum
684 1783 765 1834 esset
779 1773 903 1833 reeitare
920 1771 1084 1849 Nonianum,
1184 1778 1199 1837 d

61 1853 208 1913 4subitum
228 1855 358 1915 recitanti
379 1856 608 1934 inopinatumque
633 1857 758 1926 venisse.
795 1854 879 1916 Nune
901 1858 1119 1927 otiosissimum
1172 1876 1185 1926 ς

85 1939 206 2017 quisque
221 1937 309 1999 multo
325 1949 520 2017 interogatus
536 1949 565 1999 et
575 1938 729 2000 identidem
743 1939 901 2001 admonitus
912 1949 962 2002 aut
975 1958 1033 2003 nun
1042 1958 1087 2001 re

54 2034 58 2043 ·
84 2022 126 2082 uit
141 2032 198 2100 aut,
216 2025 240 2084 si
255 2024 345 2101 venit,
359 2025 486 2102 queritur
501 2041 534 2084 se
552 2023 637 2100 diem,
657 2025 721 2102 quia
736 2041 793 2083 non
807 2023 982 2105 perdiderit,
998 2024 1087 2106 perdi·

60 2105 170 2168 odisse.
191 2107 250 2168 Sed
263 2117 341 2168 tanto
355 2110 445 2184 magis
459 2107 590 2167 laudandi
609 2107 805 2186 probandique
820 2117 886 2169 sunt
900 2127 976 2187 quos
989 2126 1008 2171 a
1022 2109 1087 2173 seui·

83 2189 169 2250 bendi
184 2191 379 2269 recitandique
391 2191 484 2251 studio
496 2190 568 2251 haee
582 2190 739 2252 auditorum
749 2190 797 2251 vel
810 2191 919 2253 desidia
930 2194 980 2254 vel
991 2210 1088 2274 super·

84 2271 130 2332 bia
140 2291 197 2333 non
212 2274 344 2334 retardat.
365 2272 506 2352 Equidem
520 2290 612 2352 prope
626 2277 730 2335 nemini
742 2275 827 2336 delui.
848 2274 938 2338 Erant
948 2295 1021 2339 sane
1030 2276 1122 2358 pla-it
1166 2327 1167 2330 ,

84 2356 166 2435 rique
178 2358 276 2417 amici:
298 2375 392 2436 neque
408 2359 482 2417 enim
498 2366 544 2418 est
559 2357 621 2418 iere
637 2361 785 2439 quisquam
799 2361 847 2439 qui
863 2360 974 2440 studia,
991 2371 1024 2422 ut
1036 2378 1090 2423 nou

62 2439 169 2499 6simul
184 2450 214 2500 et
234 2457 287 2502 uos
305 2449 388 2501 amet.
417 2439 467 2501 His
488 2459 526 2502 ex
541 2444 635 2504 oausis
650 2442 764 2520 lougius
783 2461 865 2522 quarn
882 2443 1090 2507 destlnaveruuu

84 2531 197 2603 tempus
211 2525 239 2584 iu
256 2525 328 2585 urbe
345 2527 518 2604 consumpsi.
544 2525 665 2588 Possum
678 2529 731 2587 iarn
743 2538 880 2607 repetere
894 2546 1049 2592 secessum
1062 2536 1091 2591 ei

84 2609 213 2669 seribere
229 2607 334 2687 aliquid
349 2609 426 2687 quod
440 2627 497 2671 nou
509 2611 646 2689 recitem,
660 2630 697 2672 ne
714 2610 828 2690 videar,
851 2629 973 2691 quorum
989 2614 1091 2674 reeita·

84 2693 208 2754 tionibus
224 2692 318 2771 adfui,
338 2711 395 2753 non
409 2694 518 2756 auditor
532 2694 622 2756 luisse
638 2695 691 2755 sed
708 2695 842 2756 ereditur.
863 2694 935 2757 Nam
952 2699 1027 2761 utin
1044 2707 1126 2763 oudo

83 2779 153 2917 ‘5¹1ss
168 2778 255 2838 rebus
275 2780 313 2839 ita
330 2779 360 2838 iu
379 2777 509 2839 audiendi
527 2778 624 2839 oifioio
641 2781 717 2857 perit
737 2781 843 2858 gratia,
864 2780 889 2841 si
909 2790 1090 2861 reposcatur.

109 2876 163 2920 ae.
902 2884 905 2889 ·

299 3091 326 3146 u.
345 3091 472 3145 ruritius
490 2994 741 3145 ruufflnuuroo
760 3055 821 3146 suo
841 3091 868 3147 s,
1096 3122 1128 3177 35

61 3202 75 3253 l
145 3192 223 3254 Petis
239 3201 269 3252 ut
281 3194 376 3256 fratris
391 3196 431 3257 tui
452 3195 527 3256 filiae
543 3197 716 3275 prospiciam
735 3197 877 3266 maritum;
895 3198 973 3275 quod
988 3196 1091 3260 merito
1121 3250 1126 3261 .

81 3274 147 3334 milri
168 3278 346 3354 potissimum
363 3281 496 3357 iniungis.
531 3279 596 3339 Seis
615 3282 689 3339 enim
711 3291 815 3358 quaruo
838 3297 928 3358 opere
951 3298 1091 3342 summum

80 3357 159 3418 illum
178 3361 267 3420 virum
283 3365 464 3441 suspexerim
480 3361 703 3453 dilexerimque,
728 3365 831 3442 quibus
848 3363 899 3426 ille
918 3364 1079 3427 adulesoeu
