2400 3840
105 143 146 207 72
532 139 566 198 C.
588 136 686 198 PLlNl

63 301 98 356 14
106 296 236 356 rietatem
256 291 387 369 duamm,
413 299 575 351 contextum
597 290 680 349 unius
701 288 836 350 habuisse
860 288 1023 350 credantur.
1057 290 1110 352 lle·

105 376 222 456 spondit
242 372 401 435 Herennius
421 373 502 434 Polio
524 377 660 435 instanter
680 381 710 433 et
732 375 875 450 graviter,
901 373 1008 434 deinde
1023 372 1109 436 Theo·

106 461 214 540 phanes
236 476 342 519 rursus.
375 457 456 518 Fecit
478 460 552 517 enim
573 457 628 517 hoc
643 473 758 535 qnoque
776 465 807 516 ut
822 466 922 517 cetera
939 456 1110 535 inpudentis-

106 547 193 621 sime,
215 542 291 621 quod
312 551 378 619 post
394 541 466 602 duos
489 549 518 600 et
540 538 705 601 consulares
726 546 755 600 et
776 538 902 601 disertos
925 550 1040 620 tempus
1060 543 1109 603 sibi

106 637 135 689 et
147 626 260 706 quidem
271 625 362 687 laxius
375 625 538 686 vindicavit.
563 624 643 685 Dixit
660 626 688 683 in
706 632 819 683 noctem
830 632 920 701 atque
932 625 1019 685 edam
1030 632 1128 687 noctes

65 723 96 775 15
106 711 200 772 inlatis
214 710 349 770 lncemis.
379 708 500 771 Postero
516 706 563 768 die
576 715 697 785 egerunt
711 724 764 786 pro
778 707 870 768 Basso
886 706 981 769 Titius
1000 707 1111 769 Homul·

106 795 151 857 lus
166 803 196 856 et
210 793 316 855 Fronto
329 793 462 853 mirilico:
491 802 618 871 quartum
633 792 707 851 dem
724 791 910 870 probationes
928 804 1109 872 occuparunt.

64 888 97 943 16
108 878 228 942 Censuit
241 878 365 939 Baebius
379 876 487 954 blacer,
502 875 602 936 consul
617 875 792 952 designatus,
809 873 879 952 lege
892 876 1109 953 repetundarum

107 963 227 1025 Bassum
242 963 352 1039 teneri,
374 959 482 1039 Caepio
498 958 601 1038 llispo,
618 958 696 1020 salva
711 958 848 1036 dignitate
863 957 977 1020 iudices
993 959 1109 1021 dandos:

65 1055 97 1110 17
107 1057 228 1125 uterque
243 1054 332 1104 recte.
357 1042 413 1117 Qui
427 1044 489 1104 lieri
504 1040 620 1122 potest?
636 1044 745 1120 inquis:
761 1044 826 1120 qnia
840 1041 960 1103 seilicet
973 1051 1004 1103 et
1021 1042 1142 1105 llacrolu

106 1130 202 1206 legem
222 1128 342 1188 intuenti
363 1137 584 1188 consentaneum
599 1126 653 1186 fuit
668 1126 797 1185 damnare
813 1144 879 1185 eum
893 1128 943 1203 qui
961 1138 1061 1189 contra
1072 1128 1110 1189 le·

107 1230 173 1291 gem
187 1229 303 1271 munera
316 1220 480 1291 acceperat,
496 1219 526 1272 et
541 1209 659 1290 Caepio,
677 1227 740 1270 cnm
757 1218 870 1288 putaret
884 1208 978 1271 licere
993 1215 1108 1289 senatui,

108 1299 181 1357 sicut
194 1295 274 1369 licet,
290 1304 319 1356 et
332 1297 462 1374 mitigare
475 1294 557 1372 leges
573 1304 602 1355 et
616 1292 775 1370 intendere,
792 1310 849 1353 non
862 1295 926 1354 sine
942 1297 1053 1356 ratione
1065 1314 1110 1356 re·

66 1389 98 1443 18
107 1383 179 1441 niam
197 1379 274 1442 dedit
289 1379 383 1457 iacto,
405 1381 495 1439 vetito
512 1378 625 1457 quidem
638 1395 695 1437 non
710 1386 803 1437 tamen
817 1378 962 1438 inusitato.
995 1378 1110 1440 Praera-

86 1524 89 1531 .
106 1468 157 1526 luit
173 1466 313 1528 sententia
327 1461 491 1543 Caepionis,
508 1465 576 1540 quin
595 1464 679 1521 immo
697 1463 880 1538 consurgenti
896 1463 923 1520 ei
939 1461 976 1522 ad
993 1473 1142 1526 censen-15

107 1550 172 1611 dum
192 1549 375 1609 adclamatum
398 1555 459 1622 est,
487 1545 563 1622 quod
579 1545 655 1604 solet
669 1544 871 1605 residentibus.
893 1543 940 1605 Ex
956 1563 1015 1624 quo
1031 1557 1110 1627 potes

106 1635 256 1693 aestimare
276 1638 381 1707 quanto
403 1646 544 1688 consensu
564 1630 601 1688 sit
618 1638 788 1708 exceptum,
810 1646 873 1688 cmn
889 1629 1019 1708 diceret,
1038 1630 1110 1712 quod

65 1723 98 1777 19
108 1725 164 1774 tam
179 1712 334 1773 favorabile
349 1711 412 1789 luit,
431 1728 495 1771 cum
509 1710 637 1772 dicturus
652 1714 806 1773 videretur.
840 1711 912 1772 Sunt
927 1723 1024 1775 tamen
1039 1725 1069 1776 ut
1084 1717 1109 1774 in

108 1806 206 1857 senatu
226 1798 265 1857 ita
285 1798 314 1855 in
335 1796 449 1855 civitate
466 1796 494 1854 in
516 1794 585 1856 duas
607 1806 703 1874 partes
725 1797 866 1857 hominum
888 1797 993 1857 indicia
1014 1798 1108 1860 divisa.

106 1880 177 1940 Nam
193 1880 295 1958 quibus
315 1882 455 1940 sententia
470 1877 623 1959 Caepionis
644 1880 766 1959 placuit,
790 1881 958 1941 sententiam
979 1880 1067 1944 llacri
1083 1885 1144 1942 uilo

106 1963 223 2043 rigidam
238 1962 391 2042 duramque
407 1964 634 2042 reprehendunt:
662 1966 764 2042 quibus
778 1964 883 2040 blacri,
906 1963 984 2024 illam
998 1966 1111 2029 alteram

107 2048 272 2111 dissolutam
294 2059 380 2128 atque
406 2051 489 2110 etiam
509 2042 744 2126 incongruentem
766 2057 882 2118 vocant;
908 2059 1016 2126 negant
1040 2053 1111 2112 enim

62 2144 98 2196 uo
107 2152 268 2212 congruens
289 2153 357 2195 esse
376 2136 500 2194 retinere
524 2135 552 2192 in
572 2142 671 2194 senatu
695 2135 741 2192 cui
759 2131 868 2193 iudices
888 2132 1016 2196 dederis.
1050 2134 1111 2195 Fuit

107 2228 136 2277 et
155 2221 238 2278 tertia
258 2219 407 2276 sententia.
442 2214 574 2276 Valerius
594 2215 726 2278 Paulinus
747 2215 885 2278 adsensus
902 2214 1045 2295 Caepioni
1058 2219 1111 2278 boc

105 2299 226 2377 amplius
248 2301 359 2359 censuit
379 2297 561 2358 referendum
581 2299 617 2359 de
637 2300 829 2381 Theophane,
853 2317 916 2359 cum
938 2299 1145 2380 legationenit

105 2383 305 2442 renuntiasset.
338 2382 522 2458 Arguebatur
543 2384 618 2444 enim
640 2384 727 2445 multa
747 2387 775 2445 in
796 2385 980 2445 accusatione
1005 2385 1111 2448 fecisse

62 2477 97 2528 21
107 2483 179 2544 qnae
200 2464 249 2524 illa
264 2467 326 2543 ipsa
344 2463 412 2542 lege
433 2484 487 2544 qua
507 2466 626 2529 Bassum
647 2477 830 2529 accusaverat
844 2476 1020 2529 tenerentur.
1055 2470 1111 2531 Sed

105 2550 178 2608 hanc
197 2551 365 2610 sententiam
387 2550 538 2630 consules,
561 2570 727 2632 quamquam
746 2553 882 2611 maximae
902 2555 976 2631 parti
996 2563 1111 2616 senatus

105 2635 176 2694 mire
192 2634 376 2714 probabatur,
393 2652 449 2694 non
464 2645 529 2696 sunt
548 2637 702 2715 persecuti.
725 2634 857 2696 Paulinus
875 2644 969 2696 tamen
988 2648 1018 2699 et
1033 2639 1111 2698 iusti·

62 2729 97 2782 22
106 2721 162 2781 tiae
183 2719 290 2781 lamam
304 2729 334 2779 et
354 2721 527 2779 constantiae
550 2720 621 2779 tulit.
657 2717 746 2779 llisso
767 2729 865 2779 senatu
887 2718 994 2781 Bassus
1013 2724 1147 2800 magnati

105 2805 250 2864 hominum
265 2803 441 2883 frequentia,
456 2821 558 2881 magno
574 2803 714 2879 clamore,
733 2820 836 2880 magno
848 2803 953 2880 gaudio
971 2815 1111 2884 exceptus

41 2926 46 2932 -
106 2895 161 2945 est.
184 2887 305 2948 Fecerat
319 2907 384 2948 eum
398 2887 584 2948 favorabilem
597 2896 730 2947 renovata
742 2887 932 2946 discriminum
944 2898 1029 2949 vetus
1040 2888 1113 2949 fama

105 2978 259 3048 notumque
277 2971 412 3049 periculis
433 2989 536 3031 nornen
560 2980 589 3031 et
610 2972 640 3030 in
661 2974 786 3049 procero
810 2987 934 3048 corpore
952 2981 1063 3033 maesta
1085 2980 1113 3031 et

61 3051 235 3131 ubsqualida
256 3065 399 3115 senectus.
433 3054 558 3114 Habebis
579 3054 650 3114 hano
671 3056 783 3114 interim
804 3054 956 3133 epistulam
980 3065 1012 3116 nt
1033 3049 1112 3136 πρό·

106 3133 252 3216 cleopan,
275 3138 457 3215 exspectabis
478 3139 633 3198 orationem
654 3136 768 3218 plenam
784 3146 987 3216 onustamque,
1005 3143 1147 3218 caspe-35

106 3220 197 3280 ctabis
220 3219 281 3281 diu:
303 3239 398 3299 neque
413 3225 487 3284 enim
502 3221 605 3281 leviter
620 3230 649 3281 et
664 3223 784 3300 cursim,
805 3231 836 3282 ut
851 3220 887 3281 de
901 3240 934 3282 ro
949 3231 1043 3302 tanta,
1066 3240 1111 3283 re·

103 3303 248 3364 bacanda
262 3311 314 3365 est.
348 3303 432 3365 Vale.
