2400 3840
528 192 561 256 0.
581 191 678 256 Puro

547 342 653 406 xxiii.

372 442 706 498 c.rn1nruscoautuo
725 442 786 495 suo
805 442 834 496 e.

73 573 90 625 i
163 561 297 624 Claudius
311 561 391 622 Polio
407 564 490 622 amari
503 581 519 622 a
532 572 564 623 te
575 564 664 641 capit,
680 562 781 639 dignus
795 561 853 622 boc
872 563 951 642 ipso,
968 563 1043 641 quod
1057 583 1097 624 cu·

100 648 158 727 pit,
181 646 299 723 deinde,
316 646 392 725 quod
412 648 476 724 ipse
498 656 528 707 te
546 646 646 725 diligit.
675 643 779 724 Neque
793 645 869 706 enim
884 645 949 707 iere
961 649 1097 727 quisquan

100 733 190 810 exigit
204 730 290 807 istud,
306 731 359 791 nisi
374 731 421 809 qui
435 729 514 791 iacit.
539 729 591 790 Vir
601 728 707 807 alioqui
721 738 831 806 rectus,
848 730 977 810 integer,
995 733 1114 810 quietus5

98 832 133 876 ac
148 832 240 893 paene
255 813 327 874 ultra
338 813 467 889 modum,
491 814 593 893 siquis
611 822 705 875 tamen
718 810 791 872 ultra
806 810 939 890 modum,
968 832 1097 875 verecun-

71 897 160 959 2dns.
181 897 273 975 llunc,
290 913 353 957 cum
366 895 448 958 simul
463 894 655 973 militaremus,
670 913 728 956 non
741 894 834 957 solam
847 904 878 956 ιιι
898 896 1052 958 commilito
1063 900 1097 958 in·

99 984 189 1060 speri.
213 979 344 1040 Praeerat
359 978 421 1040 alae
435 977 563 1040 militari:
580 997 636 1058 ego
650 982 745 1041 iussus
759 977 889 1054 alegate
905 979 1049 1042 consulari
1061 1000 1098 1042 ra·

98 1068 191 1123 tiones
207 1064 312 1123 alarum
330 1071 359 1122 et
380 1062 537 1122 cohortium
554 1074 709 1141 excutere,
733 1070 764 1122 ut
782 1079 914 1140 magnam
928 1065 1097 1144 quorundam

98 1145 266 1223 laedamque
288 1145 446 1222 auaritiam,
462 1145 674 1224 neglegentiam
689 1164 802 1227 parem,
812 1147 856 1206 ita
870 1145 957 1211 buius
968 1156 1125 1210 summamlt

71 1229 303 1306 dintegritatem,
327 1227 477 1289 sollicitam
497 1228 671 1308 diligentiam
691 1231 793 1290 inveni.
827 1227 935 1292 Postea
956 1241 1097 1311 promotus

95 1311 130 1371 ad
151 1312 337 1391 amplissimas
354 1314 588 1392 procurationes,
615 1311 692 1375 nulla
713 1315 867 1375 occasione
890 1326 1045 1397 corruptus
1065 1317 1096 1375 ab

95 1397 178 1457 insito
193 1397 380 1459 abstinentiae
394 1414 490 1458 amore
503 1396 636 1459 delexit:
650 1414 799 1475 numquam
810 1396 949 1458 secundis
963 1400 1050 1461 rebus
1061 1402 1097 1459 in·

94 1483 211 1558 tumuit,
232 1499 380 1561 numquam
397 1481 556 1542 ciliciorum
574 1483 710 1543 varietate
734 1481 895 1541 continuam
916 1481 1031 1545 laudem
1050 1483 1096 1543 bn·

93 1566 232 1625 manitatis
242 1565 372 1642 infregit,
394 1565 551 1644 eademque
568 1566 696 1626 firmitate
711 1564 794 1625 animi
808 1562 957 1627 laboribus
974 1566 1125 1644 suffecit,it

69 1655 150 1725 aqua
164 1666 239 1706 nunc
261 1649 347 1707 otium
365 1649 478 1723 patitur.
512 1646 596 1722 Quod
616 1647 728 1728 quidem
749 1647 898 1728 paulisper
919 1667 986 1710 cum
1002 1668 1096 1728 magna

93 1747 144 1788 sua
160 1728 242 1788 laude
257 1731 406 1791 intermisit
420 1739 450 1791 et
464 1733 571 1811 posuit,
585 1749 602 1792 a
617 1730 745 1793 Corellio
759 1740 858 1792 nostro
876 1750 917 1793 ex
927 1731 1095 1796 liberalitate

92 1812 271 1886 imperatoris
292 1811 405 1873 Nervae
427 1815 554 1878 emendis
576 1815 792 1893 dividendisque
812 1815 891 1892 agris
915 1817 1029 1879 adiutor
1051 1818 1094 1878 ad·

93 1902 230 1971 sumptus.
263 1894 375 1955 Etenim
390 1915 444 1977 qua
458 1897 550 1976 gloria
567 1898 680 1976 dignum
700 1908 745 1959 est
765 1915 874 1959 summo
895 1901 959 1962 viro
981 1905 1009 1961 in
1023 1911 1092 1964 tanta
1118 1930 1121 1936 ·

64 1973 214 2053 deligendi
234 1979 369 2041 facultate
386 1984 542 2060 praecipue
561 1980 727 2062 placuisse?
752 1979 832 2042 ldem
855 2000 939 2060 quam
961 1985 1125 2047 reveren-li

91 2069 145 2138 ter,
164 2078 245 2139 quam
261 2063 383 2125 fideliter
396 2065 503 2127 amicos
518 2065 593 2127 colat
608 2065 757 2126 multorum
773 2068 916 2144 supremis
928 2067 1052 2148 iudiciis,
1067 2071 1093 2128 in

89 2143 133 2204 his
148 2144 221 2231 Anni
242 2147 340 2225 Bassi,
361 2150 520 2226 gravissimi
537 2151 625 2226 civis,
642 2150 762 2210 credere
778 2159 875 2228 potes,
892 2153 976 2213 cuius
991 2170 1092 2213 memo·

89 2229 157 2287 riam
172 2239 229 2289 tam
239 2241 319 2306 grata
336 2233 546 2310 praedicatione
561 2241 696 2312 prorogat
711 2242 741 2293 et
755 2232 882 2294 extendit
896 2243 927 2295 ιιι
941 2234 1045 2297 librum
1059 2235 1092 2297 de

88 2311 145 2370 vita
160 2312 222 2372 eius
238 2315 314 2388 (nam
328 2314 419 2375 studia
434 2333 549 2395 qnoque
563 2319 637 2378 sieut
650 2316 720 2378 alias
734 2317 824 2378 bonas
834 2325 912 2378 artes
925 2320 1090 2398 veneratur)

63 2391 218 2453 cediderit.
238 2392 388 2457 Pulchrum
403 2399 479 2460 istud
495 2408 524 2460 et
538 2401 652 2461 raritate
663 2401 726 2479 ipsa
740 2399 935 2481 probandum,
952 2422 1017 2464 cum
1031 2396 1122 2484 ple-²5

62 2475 167 2552 inique
190 2476 326 2541 hactenus
346 2481 543 2543 defunctorum
562 2485 738 2544 meminerint
759 2493 790 2544 ut
815 2495 981 2562 querantur.
1013 2486 1091 2548 llanc

87 2557 246 2640 hominem,
266 2563 597 2643 adpetentissimumtui,
613 2566 798 2646 mihicrede,
816 2568 1026 2649 complectere,
1046 2571 1090 2632 ad·

86 2642 244 2724 prehende,
258 2649 342 2708 immo
358 2658 387 2708 et
400 2650 486 2709 invita
500 2667 535 2708 ac
546 2652 588 2711 sic
603 2668 673 2728 ama,
688 2660 827 2730 tamquam
840 2654 959 2729 gratiam
973 2656 1088 2716 referas.

84 2724 188 2807 Neque
199 2732 273 2790 enim
288 2731 456 2809 obligandus
471 2732 523 2792 sed
537 2734 757 2794 remunerandus
773 2743 819 2795 est
833 2737 862 2795 in
876 2739 984 2800 amoris
995 2739 1088 2800 officio

85 2815 132 2890 qui
147 2815 225 2892 prior
241 2816 346 2894 coepit.
379 2814 461 2875 Vale.
1093 2824 1121 2878 30

522 2961 640 3024 xxxii.

264 3060 290 3113 c.
310 3060 434 3112 nurums
450 3060 578 3112 alanno
595 3061 784 3115 naosoonno
802 3065 864 3117 suo
876 3067 909 3133 s.

60 3181 72 3235 t
144 3173 285 3235 Delector
299 3178 449 3238 iucundum
462 3177 513 3238 tibi
526 3178 615 3239 luisse
633 3177 744 3241 'liranis
760 3185 817 3242 mei
828 3185 998 3252 adrentum:
1012 3188 1086 3270 quod

84 3276 154 3320 vero
175 3259 278 3320 scribis
301 3259 395 3320 oblata
415 3263 567 3322 occasione
590 3263 771 3338 proconsulis
784 3265 924 3345 plurimos
938 3275 1118 3335 nasama-et

82 3359 150 3421 sos,
171 3343 255 3403 unice
276 3339 376 3403 laetor.
410 3342 504 3422 Gupio
518 3346 592 3404 enim
606 3347 722 3423 patriam
738 3360 863 3411 nostram
878 3358 1010 3421 omnihus
1027 3359 1085 3437 qui·

82 3423 146 3485 dem
166 3427 254 3487 rebus
277 3428 391 3506 augeri,
419 3429 538 3497 manime
562 3436 655 3488 tamen
681 3431 783 3491 civium
804 3441 996 3503 numeraria
1013 3443 1085 3503 enim

1155 3492 1163 3583 l
