2400 3840
65 172 71 186 ·
117 138 159 200 98
544 134 579 196 C.
599 133 696 196 PLlNl

118 291 257 352 facturum
278 306 345 349 esse
367 287 504 347 confidam
526 286 571 366 (id
591 289 664 347 eninr
685 295 794 346 temere
818 285 921 347 credas
939 285 995 347 nisi
1022 304 1119 366 exper-

118 375 196 453 tus),
219 372 271 432 sed
293 372 358 450 quia
374 370 440 429 mibi
456 369 605 448 pulchrum
618 371 646 428 in
661 371 758 448 primis
772 369 887 429 videtur
899 386 957 429 non
973 371 1033 448 pati
1048 373 1119 431 occi·

119 457 187 518 dere
210 455 312 534 quibus
338 455 489 514 aeternitas
511 452 649 513 debeatur
671 451 847 531 aliorumque
868 451 970 513 lamam
990 471 1056 514 cum
1074 473 1120 515 sua

91 539 284 604 textendere.
315 536 362 598 lla
380 547 474 598 autem
493 536 561 596 nihil
581 554 673 614 aeque
689 553 722 596 ao
737 535 926 596 diuturnitatis
938 553 1019 597 amor
1033 545 1063 598 et
1076 556 1120 598 ou·

118 623 186 703 pido
201 621 353 699 sollicitat,
367 639 415 681 res
429 620 541 681 bomine
557 619 735 697 dignissima,
760 636 796 679 eo
811 621 984 697 praesertim
998 623 1049 699 qui
1063 620 1139 684 nul-s

117 708 172 768 lius
189 707 244 767 sibi
259 707 392 768 conscius
407 703 510 782 culpae
521 705 695 783 posteritatis
706 704 870 762 memoriam
879 719 937 762 non
948 702 1119 765 reformidet.

92 790 218 871 altaque
234 790 334 851 diebus
345 808 380 849 ao
393 787 524 847 noctibus
543 788 640 865 cogito
655 788 679 845 si
696 804 751 864 qua
763 802 809 844 rue
822 801 938 864 quoque
950 790 1061 865 possim
1071 786 1120 847 tol·

117 875 180 936 lere
202 874 301 942 bumo;
325 872 352 931 id
371 873 444 931 enim
459 879 528 930 voto
542 887 606 930 meo
622 868 745 945 sufficit,
768 867 838 928 illud
857 886 947 946 supra
960 879 1059 930 rotnur
1072 873 1119 931 ‘ri-

120 969 239 1037 ctorqne
254 959 343 1014 virum
363 953 483 1013 volitare
498 970 551 1030 per
567 969 624 1013 ora.
654 951 828 1030 Quamquam
845 950 896 1011 oi’
913 953 968 1013 sed
984 953 1042 1014 boc
1057 955 1119 1016 satis

95 1052 178 1118 test,
195 1038 271 1117 quod
288 1054 379 1114 prope
398 1035 460 1096 sola
476 1035 592 1095 historia
606 1035 738 1112 polliceri
753 1035 873 1095 videtur.
906 1034 1036 1097 Orationi
1052 1039 1148 1099 onimb

118 1134 148 1185 et
171 1121 286 1183 carmini
304 1137 390 1198 parva
409 1120 515 1196 gratia,
537 1119 592 1179 nisi
611 1117 774 1197 eloquentia
797 1129 842 1179 est
864 1135 988 1180 summa:
1008 1120 1121 1183 historia
1188 1124 1190 1209 l

121 1222 237 1286 quoquo
252 1202 336 1263 modo
348 1203 456 1280 scripta
470 1201 603 1262 delectat.
634 1201 705 1262 Sunt
727 1202 801 1262 enim
814 1201 945 1264 homines
961 1212 1062 1266 natura
1077 1224 1120 1279 cu·
1188 1226 1190 1247 =

117 1290 186 1350 riosi
199 1297 229 1349 et
244 1286 397 1367 quamlibet
410 1285 483 1347 nuda
497 1303 592 1347 rerum
606 1286 769 1363 cognitione
785 1287 942 1365 capiuntur,
956 1298 988 1349 ut
1003 1290 1052 1367 qui
1066 1307 1121 1350 ser·

117 1371 257 1433 munculis
276 1372 359 1432 etiam
373 1369 544 1449 fabellisque
559 1369 704 1430 ducantur.
735 1367 782 1430 llle
796 1387 866 1429 vero
883 1369 919 1428 ad
932 1370 991 1430 boo
1004 1371 1121 1432 studium

92 1456 237 1536 dimpellit
248 1455 433 1516 domesticum
444 1471 559 1533 quoque
571 1451 743 1531 exemplum.
764 1452 930 1512 Avunculus
941 1471 1025 1516 meus
1036 1454 1152 1517 idern-15

119 1559 175 1619 que
191 1557 243 1617 par
262 1538 444 1617 adoptionem
468 1547 549 1614 pater
568 1536 700 1597 historias
725 1545 755 1596 et
775 1535 888 1614 quidem
904 1536 1121 1616 religiosissime

120 1622 244 1700 scripsit.
282 1620 400 1680 Invenio
421 1628 515 1679 autem
534 1619 609 1698 apud
637 1619 773 1698 sapientis
798 1619 1032 1681 honestissimum
1057 1640 1121 1683 esse

118 1705 253 1762 maiorum
271 1702 393 1779 vestigia
413 1702 513 1779 sequi,
538 1703 563 1762 si
582 1702 666 1763 modo
686 1712 768 1764 recto
782 1703 884 1763 itinere
898 1707 1120 1782 praecesserint.

95 1783 179 1849 60ur
194 1801 264 1862 argo
277 1781 417 1845 cunctor?
438 1783 494 1861 Egi
507 1802 622 1863 magnas
633 1795 662 1846 et
675 1805 778 1864 graves
791 1804 901 1848 causas.
923 1786 995 1867 llas,
1014 1788 1121 1851 etiamsi

118 1867 185 1927 milri
196 1868 289 1928 tenuis
304 1887 341 1928 ex
352 1868 396 1928 bis
411 1886 492 1947 spes,
509 1866 620 1929 destino
634 1877 801 1948 retractare,
815 1889 851 1930 ne
867 1879 960 1932 tantus
975 1871 1026 1934 ille
1042 1871 1157 1934 labor„

118 1970 217 2030 meus,
236 1952 290 2012 nisi
307 1952 363 2014 hoo
385 1951 462 2030 quod
474 1950 615 2031 reliquum
626 1961 671 2014 est
687 1953 771 2014 studii
785 1953 932 2033 addidero,
946 1972 1061 2016 mecum
1075 1973 1122 2035 pa·

94 2036 188 2098 lriter
198 2036 355 2098 intercidat.
381 2034 452 2097 Nam
467 2037 492 2098 si
505 2037 642 2098 rationem
656 2037 831 2116 posteritatis
845 2037 969 2116 babeas,
988 2036 1123 2121 quidquid

118 2139 175 2183 uon
191 2130 236 2184 est
250 2130 406 2198 peractum,
421 2137 473 2198 pro
489 2139 545 2180 nou
555 2119 688 2182 inoboato
700 2130 753 2183 est.
775 2118 863 2182 Dices
879 2127 977 2200 ‘potes
993 2124 1079 2185 simul
1094 2131 1122 2185 et

118 2205 281 2266 rescribere
308 2204 439 2264 actiones
460 2211 490 2262 et
514 2221 688 2283 componere
709 2205 875 2266 historiam?
911 2204 1040 2268 Utinam!
1070 2205 1122 2269 sed

91 2295 267 2364 antrumque
282 2295 338 2346 tam
350 2303 481 2361 magnum
496 2295 581 2346 estut
595 2288 706 2350 abunde
720 2287 1028 2351 sitalterumeliicers.
1046 2290 1158 2352 Unus

120 2367 313 2429 devicensimo
330 2369 429 2428 aetatis
444 2387 516 2429 anno
531 2369 628 2432 dicere
642 2372 670 2431 in
686 2372 748 2432 loro
764 2373 859 2452 coepi,
875 2381 905 2433 et
919 2391 998 2434 nune
1012 2373 1123 2435 demum

120 2450 188 2529 quid
202 2460 348 2530 praestare
363 2450 465 2513 debeat
479 2463 590 2532 orator,
611 2455 703 2515 adbuc
722 2465 814 2516 tamen
836 2473 889 2533 per
909 2455 1063 2534 caliginem
1083 2458 1122 2517 ri·

92 2534 185 2597 9deo.
208 2532 294 2613 Quid,
307 2536 331 2596 si
345 2535 415 2595 huic
427 2538 507 2597 oneri
521 2556 625 2598 norum
636 2535 813 2601 accesserit?
831 2539 923 2599 Habet
934 2541 1050 2619 quidem
1062 2558 1123 2602 ora·

118 2618 159 2680 tio
175 2626 203 2678 et
218 2617 335 2679 historia
350 2618 436 2681 multa
457 2623 629 2699 communia,
654 2620 707 2683 sed
721 2620 801 2700 plura
822 2622 934 2683 diversa
947 2624 977 2683 in
990 2623 1036 2686 bis
1050 2625 1122 2704 ipsis

119 2721 192 2783 quae
209 2703 365 2764 communia
377 2703 516 2765 videntur.
548 2703 647 2765 Narrat
661 2703 726 2782 illa,
741 2714 834 2766 narrat
847 2706 936 2784 haee,
952 2706 1008 2769 sed
1024 2707 1158 2771 aliterrtl

119 2786 184 2846 buio
198 2787 336 2867 pleraque
348 2786 462 2849 humilia
476 2798 505 2849 et
521 2788 674 2850 sordidast
688 2806 726 2848 ex
735 2789 827 2850 medio
843 2790 948 2868 petita,
968 2790 1012 2851 illi
1030 2792 1123 2853 omnia

78 2870 266 2931 loreoondita
292 2870 441 2950 splendida
467 2872 583 2933 excelsa
604 2871 789 2932 conveniunt:
814 2873 886 2933 hano
912 2875 1031 2953 saepius
1054 2893 1123 2937 ossa

120 2953 240 3011 musculi
253 2956 350 3032 nervi,
372 2954 449 3015 illam
465 2957 520 3015 tori
537 2955 691 3034 quidamst
708 2957 788 3033 quasi
806 2955 889 3016 iubae
904 2956 1024 3019 decent:
1049 2958 1122 3020 baso

118 3033 167 3093 vel
189 3036 307 3097 maxime
326 3040 355 3097 vi
375 3038 555 3098 amaritudine
574 3038 721 3115 instantia,
746 3037 793 3099 illa
818 3047 960 3100 tractaret
981 3043 1121 3103 suavitate

121 3116 212 3194 adque
230 3120 313 3178 etiam
327 3119 477 3182 dulcedine
495 3120 599 3199 placet.
632 3119 781 3182 Postremo
795 3122 849 3183 alia
865 3123 971 3202 verba,
984 3124 1059 3188 alius
1074 3131 1158 3188 soit

77 3211 111 3264 11
121 3219 190 3279 nus,
213 3199 268 3261 alia
288 3207 471 3266 constructio.
503 3202 574 3264 Nam
589 3202 738 3283 plurimum
757 3206 861 3283 refert,
887 3214 919 3266 ut
938 3205 1119 3286 Thucydides

121 3285 175 3358 ait,
192 3284 298 3362 κτῆμα
310 3286 347 3346 sit
361 3305 396 3347 an
408 3278 599 3366 dpaivtopot3
616 3304 734 3365 quorum
750 3288 869 3349 alterum
883 3290 985 3369 oratio,
1001 3292 1121 3355 alterum

119 3366 235 3428 bistoria
251 3377 305 3430 est.
326 3367 371 3430 Ex
381 3370 425 3431 bis
444 3372 536 3432 causis
551 3387 608 3431 non
621 3368 746 3432 adducor
759 3381 789 3432 ut
801 3372 856 3433 duo
867 3373 1013 3437 dissimilia
1024 3385 1054 3439 et
1063 3377 1120 3437 boo
