2400 3840
383 195 645 260 PANEGYRIGUS
668 207 710 262 66.
719 207 762 262 67.
770 207 814 263 68.
1036 198 1098 261 281

93 360 157 430 stu,
182 359 244 410 toto
265 348 387 429 deniqne
407 368 529 430 corpore
552 350 638 411 tides!
671 349 792 411 Tenebit
814 368 886 428 ergo
900 368 1016 430 semper
1031 351 1098 430 quid

94 435 232 511 suaserit,
255 434 387 511 sciatque
402 453 473 511 nos,
495 436 627 514 quotiens
643 433 801 497 libertatem
818 453 899 513 quam
916 434 994 495 dedit
1008 452 1097 513 expe·

93 520 214 594 riemnr,
239 517 293 577 sibi
311 533 422 594 parere.
446 518 509 579 Nec
523 515 677 578 verendum
692 526 737 578 est
750 537 787 578 ne
804 519 933 578 incautos
950 527 1046 597 putet,
1072 520 1097 579 si

94 601 229 663 fidelitate
245 609 403 678 temporum
418 611 580 662 constanter
595 610 719 676 utamur,
735 616 807 679 quos
824 603 948 661 meminit
959 602 1012 661 sub
1022 601 1096 662 malo

68 687 221 763 oprinoipe
240 683 323 744 aliter
335 686 453 745 vixisse.
485 683 656 762 Nuncupare
676 694 742 744 rota
757 694 785 744 et
800 701 853 760 pro
867 688 1032 745 aeternitate
1047 688 1097 744 im·

94 770 166 847 perii
187 776 216 828 et
238 784 291 846 pro
311 766 403 828 salute
419 768 594 847 principum,
617 769 700 827 immo
718 784 769 846 pro
785 767 877 829 salute
892 770 1052 847 principum
1063 787 1097 828 ac

93 861 214 930 propter
228 850 294 911 illos
309 867 362 929 pro
379 853 546 912 aeternitate
561 852 672 929 imperii
687 850 861 912 solebamus.
887 850 964 912 Haec
979 869 1032 929 pro
1047 854 1096 911 im·

93 937 175 1016 perio
197 944 295 994 nostro
317 936 345 993 in
368 953 440 1014 quae
461 936 517 995 sint
538 934 626 994 verba
641 943 778 1014 suscepta
792 950 898 1013 operae
913 937 1036 1014 pretinm
1052 944 1097 996 est

93 1018 227 1080 adnotare
250 1020 287 1078 ‘si
308 1019 382 1079 bene
405 1018 622 1097 rempublicam
637 1028 666 1078 et
682 1036 719 1079 ex
733 1018 851 1079 utilitate
869 1020 990 1079 omnium
1004 1037 1096 1080 rece-

52 1115 85 1166 to
94 1105 161 1163 ris'.
184 1102 277 1181 Digna
291 1112 357 1162 vota
372 1121 446 1181 qnae
459 1120 574 1182 semper
589 1104 779 1181 suscipiantur
793 1120 967 1182 semperque
982 1102 1095 1164 solvan·

92 1197 145 1247 tnr.
173 1185 240 1263 Egit
256 1204 320 1247 cum
335 1186 389 1247 diis
404 1189 469 1266 ipso
482 1196 513 1249 te
529 1196 664 1263 auctore,
687 1184 810 1263 Caesar,
831 1205 880 1248 res
895 1187 1009 1266 publiea
1023 1197 1054 1248 ut
1068 1195 1097 1246 te

93 1271 231 1348 sospitem
251 1268 480 1348 incolumemque
496 1279 691 1348 praestarent,
716 1272 742 1331 si
761 1280 792 1330 tu
808 1280 924 1331 ceteros
939 1272 1097 1349 praestitis·

94 1371 157 1421 ses;
178 1353 203 1413 si
220 1361 334 1428 contra,
357 1351 398 1411 ilii
415 1371 529 1431 quoque
544 1371 560 1412 a
576 1352 704 1413 custodia
719 1355 759 1413 tui
774 1354 875 1430 capitis
891 1353 992 1415 oculos
1009 1354 1096 1414 dimo·

92 1445 192 1496 vorent
208 1445 295 1513 teque
311 1433 503 1514 relinquerent
518 1439 592 1496 rotis
610 1454 682 1514 quae
697 1454 753 1495 non
770 1435 861 1514 paiam
873 1440 1096 1516 susciperentur.

52 1532 84 1584 15
95 1519 148 1579 alit
163 1538 196 1579 se
211 1520 382 1597 superstites
396 1521 438 1580 rei
454 1518 587 1599 publicae
604 1519 737 1598 optabant
751 1519 967 1598 faciebantque:
987 1520 1038 1580 tibi
1053 1538 1096 1581 sa·

92 1604 137 1663 lus
153 1613 199 1662 tun
215 1605 306 1663 invisa
317 1611 379 1680 est,
396 1605 420 1664 si
436 1620 493 1667 non
507 1605 544 1665 sit
557 1621 620 1662 oum
634 1602 818 1680 reipublicae
831 1602 922 1664 salute
938 1605 1097 1664 coniuncta.

92 1686 168 1746 Nihil
184 1696 281 1765 prote
296 1688 404 1765 pateris
419 1689 528 1765 optari,
543 1688 597 1747 nisi
612 1685 744 1764 expediat
760 1687 938 1765 optantibus,
954 1688 1096 1747 omnibus·

93 1790 148 1849 que
164 1772 243 1831 annis
258 1772 286 1829 in
301 1770 450 1831 consilium
464 1771 500 1831 de
516 1781 544 1832 te
560 1770 630 1830 deos
645 1770 747 1846 mittis,
770 1771 920 1849 exigisque
938 1780 968 1832 ut
983 1781 1098 1832 senten·

91 1856 157 1914 tiam
171 1873 249 1915 suam
264 1863 387 1931 mutent,
405 1857 429 1915 si
446 1855 509 1915 talis
524 1872 591 1915 esse
607 1852 727 1915 desieris
741 1853 831 1931 qualis
846 1854 958 1916 electus
973 1874 1014 1914 es.
1040 1855 1099 1914 Sed

49 1941 201 2015 attingenti
218 1941 411 2015 conscientia,
428 1937 552 2013 Caesar,
568 1939 726 2016 pacisceris
742 1954 806 1997 eum
820 1937 873 1997 diis
889 1948 919 1998 ut
935 1947 981 2014 te,
1000 1939 1025 1997 si
1039 1955 1098 1997 me·

91 2022 219 2097 rebaris,
236 2031 370 2098 servent,
389 2040 451 2080 cnm
468 2023 544 2083 scias
559 2039 594 2080 an
607 2021 742 2080 merearis
757 2023 896 2081 neminem
911 2023 1000 2099 magis
1016 2039 1098 2098 qnam

92 2106 164 2165 deos
186 2108 271 2165 scire.
305 2104 407 2165 Nonne
426 2106 526 2182 vobis,
551 2114 648 2182 patres
664 2105 836 2182 conscripti,
860 2104 932 2164 baec
947 2104 1047 2164 diebus
1064 2121 1098 2162 ao

91 2189 224 2248 noctibus
238 2190 346 2265 agitare
362 2207 461 2249 secum
477 2184 608 2249 videtur?
630 2193 700 2264 ‘ego
716 2186 829 2267 quidem
844 2189 871 2246 in
885 2205 946 2264 me,
969 2189 994 2248 si
1012 2188 1098 2246 omni-

92 2291 138 2330 um
158 2272 263 2347 utilitas
284 2274 322 2333 ita
342 2281 497 2350 posceret,
524 2273 608 2332 etiam
623 2271 762 2348 praefecti
778 2288 887 2330 manum
902 2273 1021 2332 armavi:
1047 2269 1098 2329 sed

48 2367 128 2419 tone
143 2356 261 2415 deorum
276 2355 389 2434 quidem
402 2366 448 2416 aut
460 2358 527 2416 iram
538 2365 584 2416 aut
596 2353 807 2431 neglegentiam
818 2355 975 2432 deprecor;
991 2369 1098 2432 quaeso

91 2443 175 2499 immo
195 2449 225 2500 et
248 2441 379 2500 obtestor
398 2459 433 2500 ne
455 2457 584 2520 nmquam
603 2455 656 2516 pro
677 2456 722 2498 me
737 2448 804 2498 rota
820 2456 868 2498 res
885 2437 999 2517 publica
1014 2439 1099 2498 inuita

92 2526 246 2602 suscipiat,
273 2533 320 2584 aut
342 2525 366 2585 si
384 2525 546 2602 susceperit
561 2524 666 2598 invita,
692 2539 728 2580 ne
743 2521 869 2582 debeat'.
904 2520 991 2599 Capis
1014 2531 1151 2598 ergo,6ss

93 2604 217 2683 Caesar,
233 2607 332 2668 salutis
347 2617 412 2669 tuae
430 2607 666 2684 gloriosissimum
681 2603 802 2665 iruotnm
817 2624 855 2665 ex
870 2623 1013 2667 consensu
1029 2604 1098 2665 deo·

92 2708 162 2747 rum.
190 2689 261 2749 Nam
279 2709 342 2750 cnm
360 2694 488 2769 excipias
504 2700 536 2750 ut
551 2692 589 2751 ita
604 2689 716 2749 demum
729 2699 759 2750 te
774 2689 811 2748 dii
827 2699 960 2764 servent,
984 2690 1008 2748 si
1026 2687 1100 2747 bene

49 2784 152 2836 ocrem
167 2772 311 2850 publicam
323 2782 354 2833 et
367 2794 406 2834 ex
420 2774 540 2834 utilitate
553 2775 675 2834 omnium
688 2774 815 2847 rexeris,
832 2779 928 2832 certus
940 2789 971 2830 es
986 2779 1014 2830 te
1026 2771 1100 2829 bene

91 2854 316 2934 rempublicam
340 2876 462 2934 regere,
489 2874 553 2916 eum
573 2863 698 2915 servent.
738 2854 837 2932 ltaque
859 2872 978 2914 securus
1000 2853 1051 2912 tibi
1073 2861 1102 2912 et

92 2939 185 2999 laetus
206 2940 267 3001 dies
290 2941 366 3017 exit,
390 2942 437 3018 qui
458 2942 604 3019 principes
625 2937 697 2998 alios
719 2955 785 2997 cura
800 2947 829 2998 et
846 2946 923 2997 metu
939 2936 1100 3013 distinebat,

93 3041 158 3083 cnm
173 3026 306 3102 suspensi
322 3033 350 3084 et
361 3025 472 3084 attoniti
484 3040 640 3103 panrmque
653 3022 752 3087 contisi
765 3023 899 3099 patientia
913 3030 1020 3095 nostra,
1036 3019 1101 3078 binc

92 3118 178 3185 atque
194 3107 259 3167 inde
273 3106 406 3186 publicae
422 3109 567 3168 servitutis
579 3107 693 3166 nuntios
704 3114 901 3183 expectarent.
928 3105 973 3164 Ac
989 3104 1013 3163 si
1027 3102 1101 3163 iorte

48 3199 82 3252 35
92 3191 204 3270 aliquos
217 3191 330 3250 ilumina
343 3194 424 3252 nives
436 3193 514 3252 venti
531 3189 765 3271 praepedissent,
781 3191 874 3249 statim
886 3188 942 3248 hoc
953 3186 1022 3247 illud
1035 3205 1102 3246 esse

93 3275 249 3335 credebaut
267 3274 343 3353 qnod
354 3276 550 3343 merebantur;
565 3292 620 3334 nec
637 3282 697 3332 crat
709 3272 861 3332 discrimen
875 3272 963 3331 ullum
974 3271 1101 3348 pavoris,

92 3368 247 3438 propterea
262 3358 357 3437 quod,
382 3375 446 3419 cum
468 3376 485 3417 a
506 3357 581 3418 malo
597 3359 727 3435 principe
743 3365 882 3434 tamqnam
896 3368 1054 3417 successor
1069 3353 1103 3411 ti·

91 3452 202 3503 meatur
214 3444 342 3523 quisquis
358 3452 403 3503 est
416 3442 546 3519 dignior,
563 3459 627 3501 cum
642 3442 678 3501 sit
691 3455 775 3502 nemo
789 3456 846 3499 non
861 3439 988 3517 dignior,
1005 3452 1104 3496 omnes

1086 3590 1090 3597 ·
1128 3582 1158 3608 Δ
