2400 3848
318 145 600 254 uersuumrrun
614 191 663 252 vr.
685 202 713 255 a.
728 200 754 254 4.
767 200 821 255 cc
1036 190 1096 256 111

91 365 159 426 gem
180 344 254 404 adici
271 352 317 421 ut,
346 346 420 404 sicut
436 345 651 407 accusatoribus
670 343 828 422 inquirendi
847 344 1027 424 testibusque
1049 345 1097 406 de·

92 426 234 491 nuntiandi
256 437 386 507 potestas
408 446 445 488 ex
465 446 499 489 ea
520 427 589 506 lego
610 438 707 505 esset,
733 429 771 487 ita
788 427 847 487 reis
868 445 983 507 quoque
1006 428 1098 489 lieret.

93 513 219 575 Fuerunt
239 511 342 590 quibus
363 511 437 572 baec
463 514 525 572 eius
546 514 636 573 oratio
657 519 688 570 ut
710 528 776 572 sera
796 521 825 571 et
845 513 1046 590 intempestiva
1066 522 1123 578 ot3

94 604 282 676 praepostera
298 593 482 674 displiceret,
505 613 579 674 qnae
599 596 705 655 omisso
727 602 824 654 contra
839 592 951 654 dicendi
966 604 1096 674 tempore

67 681 247 761 constiparet
262 688 410 758 peractum
422 680 467 738 cui
482 681 624 757 potuisset
640 695 803 739 occurrere.
823 676 967 739 luventius
984 679 1125 758 quidemn

93 762 197 826 Celsus
214 770 330 840 praetor
348 771 488 841 tamquam
502 762 712 823 emendatorem
728 769 844 822 senatus
859 771 889 822 et
901 761 996 822 multis
1008 771 1037 821 et
1046 781 1096 822 ve·

91 849 242 908 bementer
255 847 407 925 increpuit.
429 844 589 924 Respondit
599 843 711 923 Nepos,
725 863 881 923 rursusque
892 842 1011 906 celsus:
1027 864 1096 905 neu-

93 941 138 992 ter
159 928 336 990 coutumeliis
356 931 535 1008 temperarit.
570 927 647 988 Nolo
666 927 776 988 referre
797 946 870 1006 quae
892 927 947 988 dici
968 929 1004 988 ab
1026 930 1124 1009 ipsis5

93 1013 216 1075 moleste
234 1014 300 1074 tuli:
322 1030 378 1092 quo
398 1015 488 1092 magis
503 1011 640 1092 quosdam
656 1030 672 1071 e
691 1027 808 1071 numero
824 1019 922 1071 nostro
936 1012 1096 1091 inprobari,

52 1105 85 1158 10
94 1100 142 1179 qui
156 1096 240 1157 modo
258 1095 293 1155 ad
309 1094 425 1157 Celsum
438 1097 524 1157 modo
538 1095 573 1156 ad
586 1094 748 1176 Nepotem,
766 1102 851 1172 prout
867 1095 914 1154 bic
928 1094 977 1154 uel
992 1094 1042 1155 illo
1057 1096 1096 1156 di·

94 1190 192 1259 ceret,
208 1179 361 1258 eupiditate
378 1180 509 1240 audiendi
523 1179 710 1258 cursitabant,
732 1189 761 1239 et
782 1196 856 1238 nuuc
874 1179 954 1258 quasi
974 1179 1098 1240 stimula-

93 1275 158 1326 rent
172 1273 203 1324 et
216 1262 425 1342 accenderent,
447 1283 520 1324 nunc
536 1267 615 1344 quasi
629 1262 850 1324 reconciliarent
863 1281 898 1323 ac
908 1279 1097 1341 recompone-

95 1358 176 1424 rent,
198 1347 374 1426 frequentius
390 1347 525 1425 siugulis,
540 1346 677 1407 ambobus
695 1346 833 1406 interdum
852 1348 1005 1426 propitium
1026 1344 1097 1407 Gae-

95 1449 204 1507 sarem,
226 1440 257 1489 ut
277 1431 305 1488 in
324 1429 434 1490 ludicro
457 1430 569 1508 aliquo,
590 1429 786 1508 precabantur.
814 1428 883 1489 ltili
900 1429 1014 1509 quidem
1029 1429 1123 1496 illudo

54 1529 86 1582 15
97 1517 182 1576 etiarn
201 1514 387 1592 peracerbum
403 1514 455 1574 luit
469 1511 544 1591 quod
564 1522 629 1573 suut
642 1511 714 1574 alter
730 1512 810 1574 alteri
826 1513 893 1593 quid
909 1523 1040 1592 pararent
1056 1515 1097 1573 in·

97 1599 190 1658 dicati.
224 1595 296 1656 Nam
313 1607 343 1657 et
360 1594 463 1659 Celsus
485 1595 591 1674 Nepoti
611 1614 648 1656 ex
666 1596 766 1657 libello
785 1595 934 1677 respondit
955 1608 984 1658 et
1009 1595 1096 1659 Celso

96 1681 197 1760 Nepos
219 1699 255 1741 ex
276 1679 472 1758 pugillaribus.
505 1678 591 1739 Tanta
608 1679 763 1760 loquacitas
786 1682 938 1742 amicorum
959 1690 989 1741 ut
1009 1681 1123 1742 homi-7

96 1784 150 1826 nes
165 1765 301 1842 iurgaturi
316 1763 346 1823 id
359 1766 452 1843 ipsum
465 1765 587 1825 invicem
602 1767 734 1841 scierint,
751 1774 891 1845 tamquam
906 1767 1097 1826 convenisset.

96 1849 178 1910 Vale.

53 1939 89 1993 ²⁰
571 1980 619 2041 v1.

366 2080 392 2131 C.
412 2079 537 2132 PLINIUS
554 2078 704 2130 FUNDANO
723 2079 783 2129 SUO
801 2079 827 2129 S.

161 2182 325 2260 Siquando,
341 2199 416 2241 nunc
430 2183 585 2262 praecipue
602 2199 737 2260 cuperem
753 2198 819 2240 esse
835 2189 864 2240 te
880 2179 998 2254 Romae,
1015 2187 1044 2238 et
1058 2179 1123 2243 sisl

97 2283 181 2346 rogo.
205 2265 283 2345 Opus
299 2272 343 2326 est
356 2264 424 2324 mibi
434 2267 494 2325 voti
506 2264 611 2325 laboris
626 2263 825 2326 sollicitudinis
840 2265 932 2324 socio.
961 2261 1033 2323 Petit
1047 2263 1098 2321 bo-

54 2361 183 2416 touores
198 2349 287 2411 lulius
297 2347 394 2426 Naso,
417 2351 489 2427 petit
504 2367 567 2409 curn
581 2348 692 2426 multis,
709 2367 772 2408 cnm
788 2348 887 2426 bouis,
903 2365 976 2426 quos
991 2355 1021 2405 ut
1036 2346 1098 2424 glo·

97 2437 204 2496 riosum
225 2435 268 2494 sic
290 2441 334 2494 est
355 2430 470 2493 difficile
492 2449 640 2510 superare.
673 2432 787 2493 Pendeo
811 2447 881 2509 ergo
907 2441 937 2492 et
960 2440 1125 2493 exerceora

98 2537 169 2599 spe,
197 2516 314 2577 adficior
333 2524 427 2594 metu,
452 2525 541 2576 etms
558 2515 736 2577 consularem
750 2534 817 2577 esse
833 2533 890 2575 nou
906 2517 1014 2576 sentio:
1035 2531 1098 2573 nam

62 2681 64 2684 Α
97 2619 196 2662 musas
210 2601 277 2660 mibi
290 2599 391 2660 videor
405 2602 526 2660 omnium
541 2618 613 2679 quae
629 2600 777 2660 decucurri
799 2600 973 2660 candidatus.
1003 2595 1124 2658 Neue-3

98 2698 144 2748 tur
157 2685 230 2744 banc
246 2702 342 2744 curam
354 2683 441 2762 longa
454 2685 510 2744 mai
526 2686 651 2744 caritate.
673 2683 725 2745 Est
739 2685 806 2743 mibi
821 2702 884 2743 cum
899 2682 950 2741 illo
961 2699 1017 2740 non
1029 2698 1098 2740 saue

56 2779 217 2850 sopatema
237 2769 371 2836 amicitia;
393 2785 486 2846 neque
508 2770 582 2827 enirn
604 2785 671 2829 esse
687 2769 778 2846 potuit
794 2785 847 2846 per
859 2783 950 2824 meam
963 2770 1097 2822 aetatem:

98 2852 210 2914 solebat
226 2860 318 2911 tamen
331 2850 446 2911 vixdum
456 2849 670 2911 adulescentulo
682 2850 749 2909 mibi
759 2860 840 2929 pater
852 2850 912 2906 eius
926 2864 988 2904 cum
999 2863 1099 2922 magna

98 2937 182 2997 laude
197 2936 353 2995 monstrari.
382 2932 451 2994 Erat
466 2950 524 2993 non
546 2934 701 2996 studiorum
714 2942 818 2992 tanturn
831 2949 930 2990 verurn
944 2932 1027 2989 etiam
1041 2938 1099 2990 stu·

99 3021 245 3081 diosorum
257 3019 479 3095 amantissimus,
505 3036 540 3078 ac
554 3034 647 3097 prope
668 3016 771 3078 cotidie
791 3015 826 3075 ad
839 3012 1011 3091 audiendos,
1027 3030 1099 3092 quos

99 3113 167 3165 tunc
190 3119 246 3180 ego
266 3101 495 3181 frequentabam,
530 3099 745 3178 Quintilianum,
771 3098 894 3160 Niceten
915 3097 1100 3158 Sacerdotem

57 3187 266 3264 adventitabat,
277 3187 321 3245 vir
337 3184 441 3264 alioqui
459 3184 551 3245 clarus
568 3194 598 3245 et
611 3187 706 3264 gravis
717 3193 747 3244 et
761 3185 808 3263 qui
821 3181 961 3261 prodesse
973 3181 1030 3241 lilio
1041 3198 1100 3238 me·

99 3275 189 3334 moria
203 3273 247 3331 sui
262 3270 374 3332 debeat.
397 3269 456 3330 Sed
469 3268 548 3331 multi
562 3289 636 3330 nunc
649 3271 678 3329 in
692 3277 791 3328 senatu
802 3267 902 3346 quibus
913 3268 1027 3344 ignotus
1036 3263 1125 3341 ille,4

99 3356 179 3418 multi
196 3355 297 3435 quibus
314 3362 415 3430 notus,
437 3353 488 3414 sed
502 3369 558 3414 uon
568 3355 622 3414 nisi
635 3355 765 3412 viventes
779 3359 959 3412 reverentur:
975 3363 1031 3427 quo
1042 3363 1100 3406 ma·

100 3443 146 3520 gis
168 3441 235 3502 huic
255 3441 358 3502 omissa
378 3437 469 3516 gloria
490 3440 594 3518 patris,
620 3437 648 3496 iu
671 3453 726 3515 qua
745 3453 876 3515 magnum
898 3438 1099 3508 ornamentum,
