2400 3840
116 166 180 231 272
538 164 572 226 0.
591 165 689 226 lunt!

118 322 212 401 cipem
233 319 278 378 cui
299 317 410 378 dorenti
430 326 461 378 et
480 317 614 378 incolumi
633 334 783 397 numquam
796 318 851 379 nisi
865 318 970 379 modici
985 319 1125 398 honores,

117 405 232 482 saepius
245 400 315 461 nulli
330 401 564 462 decernerentur.
585 401 623 464 Et
639 420 726 479 sane,
739 402 764 461 si
778 400 900 463 velimus
917 422 983 463 cum
998 406 1126 483 priorum

117 496 275 566 temporum
285 487 460 547 necessitate
476 495 605 563 certare,
620 487 781 548 vnce-ur:
796 487 974 563 ingeniosior
988 498 1036 548 est
1050 491 1125 550 enin

115 570 151 631 ad
166 568 382 648 excogitandum
398 568 541 630 simulatio
553 571 689 648 veritate,
712 571 836 630 servitus
854 568 1007 648 libertate,
1031 583 1125 634 metus

115 671 221 714 amore.
248 652 354 731 Simul,
370 655 502 712 cuniam
517 652 626 733 pridem
641 655 753 714 novitas
768 655 859 714 omnis
875 653 1041 716 adulatione
1056 665 1146 717 con-⁵

116 746 227 816 sumpta
249 740 302 813 sit,
323 753 380 797 non
399 735 471 798 alius
491 754 560 816 erga
579 746 610 797 te
626 754 718 798 novus
732 737 825 797 honor
842 746 978 816 superest
999 742 1124 818 quan

115 820 265 901 aliquando
277 820 313 880 de
324 830 355 882 te
366 830 464 882 tacere
477 820 640 882 audeamus.
660 820 743 898 Age,
758 820 907 898 siquando
921 823 1017 900 pietas
1028 833 1124 884 nostra

118 905 259 966 silentium
272 906 348 984 rupit
363 914 392 965 et
406 904 606 965 verecundiam
619 913 695 964 tuam
708 905 792 980 vicit,
812 923 886 982 quae
903 905 1058 984 qualiaque
1077 916 1124 967 aut

118 988 296 1050 decernimus
316 1004 369 1049 nos
383 996 431 1048 aut
445 996 475 1047 tn
488 1005 545 1047 non
558 986 690 1050 recusas!
716 995 747 1047 ut
765 997 901 1067 appareat
914 1006 972 1049 non
986 991 1124 1069 superbia

118 1081 147 1132 et
163 1070 275 1132 iastidio
287 1080 317 1131 te
332 1069 522 1149 amplissimos
535 1072 660 1131 honores
673 1069 841 1149 repudiare,
861 1073 909 1150 qui
924 1074 1051 1135 minores
1066 1083 1159 1136 nonlt

118 1153 290 1232 dedigneris.
316 1151 465 1215 Pulchrior
478 1153 553 1232 hoc,
569 1151 685 1232 Caesar,
702 1156 822 1233 quamsi
837 1173 990 1217 recusares
1005 1175 1122 1218 omnes:

117 1256 179 1298 nam
193 1255 328 1299 recusare
343 1252 443 1298 omnes
457 1239 633 1316 ambitionis,
653 1237 810 1299 moderatio
825 1247 872 1299 est
886 1238 998 1317 eligere
1015 1243 1122 1319 parcis·

118 1324 215 1383 simos.
246 1320 311 1396 Quo
324 1330 548 1401 temperamento
563 1332 592 1384 et
606 1322 691 1383 nobis
706 1331 735 1383 et
749 1323 859 1382 aerario
874 1322 1017 1386 consulis:
1039 1324 1122 1385 nobis

118 1406 249 1486 quidem,
271 1405 348 1486 quod
368 1406 445 1466 omui
465 1405 572 1468 liberas
592 1408 767 1486 suspitione3
789 1407 897 1467 aerario
912 1416 1024 1485 auem,
1045 1407 1122 1487 quod

117 1491 276 1569 sumptibus
291 1492 353 1551 eius
368 1489 486 1551 adhihes
502 1489 633 1567 modum,
655 1500 686 1550 ut
703 1491 752 1569 qui
769 1489 936 1550 extumum
951 1510 1008 1551 non
1023 1494 1064 1552 sis
1079 1493 1158 1556 iri-15

117 1575 279 1635 nocentium
292 1574 374 1634 bonis
389 1573 560 1654 repleturus.
592 1573 671 1635 Stant
685 1575 772 1652 igitur
786 1573 900 1651 effigies
914 1583 999 1653 tuae,
1020 1574 1121 1655 quales

117 1657 183 1717 olim
203 1658 240 1718 oh
265 1659 383 1734 egregia
400 1659 428 1718 in
448 1676 509 1718 reru
530 1655 671 1737 publicam
691 1658 790 1718 merita
810 1659 925 1737 privatis
945 1658 1120 1721 dicabantur.

104 1739 251 1799 'visuntur
266 1738 365 1799 eudem
381 1759 398 1800 e
412 1743 527 1801 materia
542 1738 673 1802 caesaris
687 1749 796 1802 statuae
812 1759 867 1820 qua
883 1741 1050 1821 Brutorum,
1065 1762 1122 1822 qua

118 1820 307 1883 Camillorum.
335 1820 398 1883 Nec
413 1823 556 1903 discrepat
574 1842 667 1885 caum.
695 1822 741 1884 llli
757 1827 832 1886 enim
845 1844 932 1904 reges
946 1825 1121 1904 hostemque

116 1908 256 1967 victorem
267 1906 414 1969 moenibus
423 1906 607 1987 depulerunt:
618 1907 665 1968 hic
674 1920 795 1986 regnutn
805 1911 909 1989 ipsum,
922 1927 1053 1989 quaeque
1064 1909 1160 1974 aliato

118 1993 267 2069 captivitas
280 1991 381 2070 gignit,
397 1999 476 2052 arcet
487 2010 521 2052 ac
532 2000 700 2069 summovet,
718 1991 875 2071 sedemque
891 1995 1001 2054 obtinet
1014 1995 1121 2073 princi·

116 2077 179 2154 pis,
194 2095 231 2136 ne
244 2077 280 2136 sit
295 2075 408 2136 domino
421 2075 514 2137 locus.
537 2076 581 2137 dc
594 2075 661 2136 mihi
674 2077 792 2137 intuenti
807 2077 975 2155 sapientiam
985 2087 1061 2138 tuam
1069 2080 1120 2137 mi·

117 2177 170 2220 nus
185 2161 284 2220 mirum
299 2159 411 2220 videtur
426 2160 502 2240 quod
516 2159 649 2221 mortales
670 2161 742 2222 istos
758 2160 942 2240 caducosque
960 2160 1059 2222 titulos
1073 2171 1122 2222 aut

117 2241 283 2322 depreceris
303 2253 350 2304 aut
370 2253 526 2323 temperes.
561 2245 625 2305 Scis
647 2246 721 2304 enim
739 2244 787 2304 ubi
802 2262 871 2305 vera
888 2247 1045 2323 principis,
1070 2245 1119 2305 ubi

116 2329 289 2404 sempiterna
299 2330 336 2388 sit
343 2326 445 2405 gloria,
459 2328 507 2388 ubi
518 2328 574 2388 sint
588 2328 751 2388 honoresin
766 2344 839 2408 quoe
853 2327 923 2388 nihil
935 2328 1065 2407 dammis,
1078 2330 1159 2390 nito

116 2407 155 2467 hil
178 2412 336 2487 senectuti,
358 2409 426 2470 nihil
449 2411 667 2472 successorihus
691 2411 786 2472 liceat.
817 2411 911 2474 Arcus
927 2415 1002 2472 enim
1017 2423 1048 2475 et
1063 2422 1119 2474 sta·

116 2498 194 2565 tuas,
209 2508 272 2550 aras
288 2494 370 2552 etiam
386 2492 549 2572 templaque
565 2493 715 2555 demolitur
730 2505 760 2556 et
774 2496 909 2557 obscurat
925 2495 1049 2574 oblivio,
1069 2515 1120 2556 ne·

115 2572 209 2651 glegit
230 2575 376 2653 carpitque
396 2578 564 2654 posteritas:
593 2587 690 2638 contra
714 2588 894 2659 contemptor
910 2580 1072 2640 ambitionis
1090 2590 1120 2641 et

115 2658 239 2722 infinitae
260 2660 410 2739 potestatis
431 2657 552 2721 domitor
571 2678 604 2720 ac
623 2660 748 2722 frenator
767 2665 875 2724 animus
895 2664 960 2742 ipsa
977 2673 1120 2726 vetustate

116 2743 258 2821 florescit,
273 2763 328 2806 uec
345 2745 380 2805 ab
396 2743 462 2807 ullis
477 2745 566 2824 magis
581 2743 710 2806 laudatur
724 2764 807 2825 pam
821 2747 924 2826 quihus
940 2749 1054 2808 minime
1069 2757 1159 2810 ne·30

117 2846 202 2890 cesse
218 2839 272 2890 est.
289 2827 499 2892 Praetereunt
512 2831 641 2908 quisque
652 2830 758 2910 fuctus
772 2839 817 2891 est
828 2832 987 2910 princeps,
1004 2841 1120 2893 extern-

112 2913 163 2984 plo
181 2912 269 2989 fama
289 2913 371 2989 eius,
392 2914 542 2974 incertum
563 2914 642 2975 bonu
661 2933 703 2974 an
717 2915 816 2990 mule,
840 2922 975 2976 ceteram
991 2921 1120 2976 aeterna

116 3002 170 3056 est.
195 2991 259 3053 Non
275 3013 346 3074 ergo
367 3005 506 3076 perpetua
526 2996 647 3076 principi
670 2996 757 3074 lama,
784 3015 856 3077 quae
877 2999 994 3058 inritum
1013 3007 1119 3076 manet,

116 3072 169 3134 sed
190 3074 263 3136 boua
278 3078 508 3159 concupiscenda
525 3088 583 3141 est:
609 3098 644 3140 ea
657 3096 744 3160 porro
758 3096 814 3142 non
831 3082 999 3158 imaginibus
1017 3092 1047 3143 et
1062 3091 1119 3143 sta·

115 3157 169 3218 tuis
193 3157 245 3217 sed
269 3162 372 3224 virtute
398 3181 433 3224 ac
455 3163 564 3225 rucritis
590 3172 767 3242 prorogatur.
808 3163 883 3239 Quin
905 3167 989 3226 etiam
1009 3165 1159 3228 leviora35

115 3240 204 3318 haec,
231 3239 347 3302 formam
372 3247 508 3326 principis
531 3246 721 3327 ligurumque,
747 3263 805 3308 non
826 3266 922 3307 aurum
946 3248 1049 3310 melius
1070 3247 1119 3310 vel

115 3335 262 3403 argentum
284 3343 367 3405 pam
387 3329 469 3391 lavor
494 3330 635 3390 hominum
662 3332 800 3410 exprimat
825 3341 989 3410 teneatque.
1035 3331 1120 3407 Quod

117 3408 229 3487 quidem
248 3408 362 3490 prolixe
384 3413 435 3471 tibi
458 3414 653 3493 cumulateque
676 3417 831 3494 contingit,
863 3416 942 3476 cuius
964 3415 1120 3478 laetissima
