2400 3840
104 204 167 269 att
525 203 558 265 C.
581 202 679 265 PLINI

104 359 331 419 vindicaverunt:
347 356 446 415 horum
460 373 549 435 opus,
565 356 664 416 borum
679 354 748 415 illud
763 355 924 434 imperium
938 352 1036 414 Nerva
1050 364 1108 414 tan·

104 442 304 523 tumminister
318 439 385 499 init:
400 441 498 519 ntique
515 441 561 518 qui
576 439 724 518 adoptaret
738 449 796 500 tam
811 440 905 517 paruit
919 455 1001 517 quam
1016 447 1047 498 tu
1062 439 1109 516 qui

103 523 292 603 adoptabaris.
326 522 428 584 Adlata
442 533 503 584 erat
518 542 555 583 ex
569 523 709 584 Pannonia
723 521 830 599 laurea,
846 520 875 581 id
889 522 1039 599 agentibus
1057 521 1109 580 diis

103 618 133 686 ut
148 608 245 669 invicti
257 609 433 684 imperatoris
445 616 574 667 exortum
584 608 721 667 uictoriae
732 608 844 684 insigne
856 604 1013 666 decoraret.
1030 602 1108 664 Hanc

103 695 257 772 imperator
270 689 366 752 Nerva
380 693 408 750 in
422 693 531 775 gremio
544 688 620 751 lovis
638 690 819 768 conlocarat,
840 707 904 749 cum
924 698 1044 768 repente
1060 697 1132 749 ιιι-5

104 776 155 837 Ιίιο
175 778 263 836 maior
282 784 312 835 et
332 777 495 853 augustior,
517 773 654 835 advocata
668 773 811 834 bominum
826 775 961 833 contione
978 773 1108 833 deorum·

105 878 179 940 que,
200 869 231 920 te
248 859 334 918 fllium
348 860 403 919 sibi
411 904 419 936 ,
444 857 500 918 boc
516 867 561 919 est
575 859 689 919 unicum
711 857 842 917 auxilium
857 855 944 917 fessis
960 856 1047 916 rebus
1062 856 1108 915 ad·

105 945 234 1023 sumpsit.
270 941 339 1003 Inde
352 944 431 1021 quasi
446 942 568 1021 depositi
582 943 692 1021 imperii
708 959 763 1020 qua
778 942 934 1002 securitate
949 958 1004 1020 qua
1018 939 1108 1017 gloria

106 1027 200 1088 laetus
221 1027 299 1105 (nam
321 1025 483 1104 quantulum
496 1024 587 1086 refert
604 1022 730 1104 deponas
747 1043 781 1085 an
795 1025 924 1103 partiaris
939 1019 1108 1102 imperium?

104 1112 159 1171 nisi
173 1108 249 1188 quod
263 1107 405 1169 difficilius
421 1108 477 1168 boc
492 1111 567 1186 est),
590 1127 645 1170 non
661 1127 747 1169 secus
761 1126 796 1168 ac
812 1108 957 1188 praesenti
972 1107 1022 1166 tibi
1037 1107 1148 1172 inni-10

104 1211 173 1269 xus,
198 1193 255 1252 tuis
270 1193 373 1252 umeris
388 1211 421 1251 se
438 1193 614 1271 patriamque
629 1202 811 1270 sustentans,
837 1201 885 1253 tua
898 1193 1028 1268 iuventa,
1057 1200 1106 1250 tuo

104 1275 209 1336 robore
225 1276 350 1335 invaluit.
373 1276 472 1336 Statim
488 1276 617 1338 consedit
632 1278 722 1338 omnis
732 1275 877 1337 tumultus.
904 1273 969 1335 Non
980 1274 1107 1353 adoptio·

104 1361 148 1422 nis
167 1377 242 1440 apua
263 1360 338 1420 istud
351 1359 419 1438 init,
445 1359 498 1421 sed
512 1359 651 1440 adoptati;
676 1370 761 1440 atque
775 1359 848 1421 adeo
870 1369 979 1420 temere
999 1357 1108 1418 iecerat

104 1443 216 1523 Nerva,
233 1446 257 1505 si
272 1443 438 1522 adoptasset
452 1443 545 1504 alium.
575 1444 698 1506 Oblitine
715 1461 811 1505 sumus
827 1454 859 1505 ut
873 1461 965 1522 nuper
981 1452 1047 1521 post
1060 1441 1106 1501 ad-

106 1530 251 1606 optionem
270 1546 327 1589 non
348 1529 465 1589 desierit
485 1527 604 1606 seditio,
631 1528 684 1590 sed
708 1524 859 1607 coeperit?
899 1526 1108 1586 lnritamentum
1118 1542 1148 1595 15

105 1612 180 1672 istud
194 1615 295 1672 irarum
317 1621 347 1672 et
365 1611 413 1672 fax
428 1612 562 1673 tumultus
578 1612 695 1690 inisset,
716 1614 770 1672 nisi
784 1610 932 1672 incidisset
946 1613 974 1670 in
988 1620 1028 1671 te.
1064 1610 1108 1669 An

107 1696 219 1755 dubium
234 1704 279 1755 est
291 1703 321 1754 ut
336 1693 404 1755 dare
415 1705 518 1775 posset
528 1696 676 1776 imperium
690 1697 844 1774 imperator
858 1696 906 1774 qui
920 1694 1108 1769 reuerentiam

105 1779 237 1837 omiserat
257 1780 423 1838 auctoritate
448 1781 509 1840 eius
533 1781 668 1842 effectum
687 1782 731 1838 cui
748 1776 884 1841 dabatur?
918 1765 1007 1838 Simul
1023 1777 1107 1855 iilius,

106 1859 188 1920 simul
203 1859 326 1938 Caesar,
341 1879 408 1923 mox
422 1863 575 1942 imperator
589 1873 618 1925 et
633 1881 752 1925 consors
768 1863 935 1923 tribuniciae
946 1863 1106 1941 potestatis,

107 1953 136 2004 et
158 1946 249 2005 omnia
274 1947 381 2024 pariter
402 1957 431 2008 et
452 1950 545 2008 statim
566 1947 658 2008 iactus
680 1967 730 2025 es,
761 1965 834 2026 quae
854 1947 983 2026 proxime
1004 1954 1149 2023 parensto

75 2033 192 2095 9verus
214 2037 318 2090 tantum
339 2032 367 2090 in
386 2029 504 2091 alterum
525 2031 611 2091 filium
634 2031 763 2092 contulit.
806 2029 940 2109 Magnum
962 2029 1019 2089 boc
1043 2039 1108 2089 tuae

106 2113 307 2176 moderationis
321 2114 468 2192 indicium,
492 2115 567 2194 quod
581 2132 638 2174 non
652 2116 745 2176 solum
759 2114 1041 2195 successorimperii
1056 2111 1108 2172 sed

106 2199 251 2276 particeps
268 2199 351 2258 etiam
364 2201 520 2278 sociusque
535 2198 675 2277 placuisti.
710 2197 782 2259 Nam
802 2189 1108 2275 successor,”etiamsi

106 2280 189 2359 nolis,
206 2280 352 2342 habendus
367 2292 427 2352 est;
441 2291 557 2343 nonest
571 2281 848 2360 bahendnsfsocius,
864 2282 917 2342 nisi
931 2281 1014 2342 velis.
1038 2277 1107 2340 Ore-

106 2362 210 2424 dentue
231 2367 340 2443 posteri
359 2367 478 2443 patricio
498 2374 527 2427 et
549 2361 700 2426 consulari
712 2359 742 2427 et
756 2365 916 2444 triumphali
932 2375 1013 2444 petre
1029 2364 1148 2442 geni-25

78 2454 84 2466 '
105 2455 180 2523 tum,
208 2465 272 2505 cum
290 2446 475 2508 fortissimum
491 2450 691 2528 amplissimum
706 2452 924 2512 amantissimum
938 2451 981 2508 sui
997 2449 1108 2508 exerci-

106 2536 163 2586 tum
187 2541 319 2609 regeret,
350 2534 549 2612 imperatorem
569 2551 625 2593 non
646 2535 682 2595 ab
703 2535 832 2596 exercitu
851 2529 977 2594 iactum?
1004 2531 1108 2606 eidem,

107 2629 170 2672 cum
188 2612 353 2677 Germaniae
374 2615 569 2694 praesideret,
592 2615 749 2679 Germanici
769 2634 875 2679 nomen
890 2617 956 2677 binc
970 2611 1108 2676 missum?

105 2696 174 2757 nihil
187 2700 280 2777 ipsum
295 2709 325 2760 ut
339 2702 492 2776 imperator
505 2700 586 2761 deret
600 2699 829 2778 agitasse‘i'nibil
845 2702 955 2762 iecisse
967 2701 1021 2759 nisi
1033 2697 1108 2778 quod

105 2784 206 2843 meruit
223 2794 252 2845 et
268 2780 381 2862 paruit?
413 2782 530 2844 Paruisti
547 2785 635 2862 enim,
662 2784 785 2863 Caesar,
813 2785 898 2847 etad
920 2785 1107 2863 principatum
1116 2786 1149 2840 30

105 2865 244 2949 obsequio
260 2868 431 2945 pervenisti,
447 2867 573 2946 nihilque
585 2871 675 2946 magis
691 2866 747 2931 ate'
762 2870 886 2930 subiecti
899 2870 992 2928 animo
1004 2868 1110 2926 iactum

104 2957 150 3008 est
167 2967 250 3028 quarn
263 2950 340 3028 quod
355 2952 495 3028 imperare
511 2953 641 3030 coepisti.
664 2951 722 3012 dam
737 2950 859 3030 Caesar,
875 2953 1108 3030 iamimperator,

103 3031 157 3089 iam
183 3030 384 3111 Germanicus,
408 3033 515 3094 absens
535 3043 565 3094 et
585 3037 716 3114 ignarus,
748 3046 778 3096 et
798 3046 866 3115 post
887 3045 963 3097 tanta
987 3036 1108 3110 nomina,

104 3125 236 3190 quantum
252 3115 287 3174 ad
301 3126 330 3176 te
345 3117 486 3196 pertinet,
505 3120 641 3195 privatus.
671 3119 803 3197 Magnum
814 3119 978 3195 videretur,
995 3120 1020 3178 si
1032 3118 1108 3178 dice-

104 3213 164 3255 rem
180 3196 306 3258 Nescisti
320 3210 349 3261 te
364 3202 562 3279 imperatorem
575 3202 711 3262 futurum:
732 3221 796 3264 eras
811 3204 981 3282 imperator,
998 3212 1027 3263 et
1042 3218 1108 3262 esse
1118 3209 1149 3263 35

104 3288 133 3339 te
150 3281 313 3342 nesciebas.
334 3282 372 3343 Ut
385 3301 456 3345 vero
470 3284 505 3344 ad
520 3295 549 3345 te
563 3285 693 3355 fortunae
708 3296 773 3347 tuae
788 3289 901 3347 nuntius
913 3289 1007 3363 venit,
1023 3282 1109 3344 male·

104 3359 156 3425 bas
172 3363 286 3444 quidem
299 3363 356 3425 boe
372 3386 438 3427 esse
455 3367 531 3447 quod
546 3368 658 3445 fueras,
680 3368 732 3428 sed
751 3388 809 3430 nou
825 3380 885 3432 erat
898 3370 1028 3431 liberum.
1064 3368 1110 3428 An
