2400 3840
283 189 547 253 mrsromaosr
560 200 703 258 m-ss
716 194 870 273 [ss-o.
883 199 939 276 ra]
1042 195 1105 260 ms

99 343 220 422 templo,
238 344 363 421 cognovi
376 343 462 404 aliurn
471 345 518 407 hic
532 343 617 407 alium
630 344 705 425 apud
717 363 770 406 nos
787 365 855 408 esse
869 361 976 408 morem
992 343 1105 410 dedica·

98 430 195 490 tionis.
226 427 346 508 Dispice
369 445 459 507 ergo,
478 428 608 509 domme,
627 447 662 489 an
682 437 769 509 putes
788 429 889 492 aedem
904 433 949 491 cui
963 431 1040 495 nulla
1056 433 1106 494 lex

99 512 174 573 dicta
190 521 235 573 est
250 511 328 572 salva
341 511 482 591 religione
497 531 586 592 posse
606 513 767 574 transferri:
789 513 894 595 alioqui
910 516 1104 581 commodissi-

98 613 174 656 mum
190 605 244 674 est,
262 597 286 656 si
301 595 404 674 religio
419 615 475 658 non
489 597 606 678 inpedit.

372 814 374 817 ι
510 729 542 790 n.
563 729 698 810 [turn]

435 832 602 885 TRAIANUS
619 834 724 885 PLINIO
743 833 770 886 S.

161 932 266 1012 Potes,
281 935 319 994 mi
332 933 465 996 Secunde
481 937 643 1015 carissime,
661 936 723 998 sine
741 934 932 999 sollicitudine
942 934 1102 1016 religiosus,

100 1017 125 1078 si
145 1016 203 1078 loci
225 1019 330 1096 positio
351 1018 464 1080 videtur
488 1019 545 1080 hoc
566 1020 747 1099 desiderare,
774 1020 875 1087 aedem
900 1019 997 1083 IIatris
1020 1020 1104 1089 deum

58 1101 253 1170 retransferre
275 1103 303 1162 in
325 1121 387 1164 eam
407 1121 480 1183 quae
509 1112 554 1165 est
578 1103 831 1175 accommodatior;
855 1122 911 1166 nec
935 1112 965 1166 te
989 1112 1104 1167 moveat

99 1185 177 1265 quod
192 1185 240 1246 lex
261 1184 446 1249 dedicationis
461 1186 538 1248 nulla
557 1188 718 1268 reperitur,
740 1207 804 1253 cum
824 1187 916 1250 solum
933 1189 1103 1269 peregrinae

99 1271 220 1331 civitatis
237 1287 326 1351 capax
339 1289 395 1332 non
412 1273 449 1333 sit
466 1271 651 1333 dedicationis
666 1290 738 1352 quae
752 1274 782 1334 iit
796 1282 896 1334 nostro
912 1274 982 1336 iure.

319 1501 346 1555 U.
365 1500 489 1553 PLINIUS
508 1404 877 1554 TUINIIIUULUMPERATORI.

161 1604 287 1666 Difficile
305 1615 361 1685 est,
378 1604 508 1685 domine,
525 1607 687 1686 exprimere
702 1606 801 1668 verbis
816 1616 945 1687 quantam
960 1624 1129 1687 percepe·1

97 1690 150 1749 rim
165 1689 317 1768 laetitiam,
339 1689 416 1770 quod
436 1699 466 1750 et
481 1688 549 1749 milri
568 1700 597 1752 et
620 1692 716 1751 socrui
731 1708 812 1751 meae
830 1692 996 1770 praestitisti
1012 1699 1042 1750 ut
1055 1691 1103 1751 ad·

98 1773 183 1833 linem
195 1775 257 1835 eius
270 1771 398 1834 Caelium
413 1771 591 1835 clementem
605 1776 633 1834 in
647 1774 720 1836 hanc
735 1775 910 1853 provinciam
921 1775 1103 1837 transferres.

97 1854 142 1916 Ex
153 1855 204 1919 illo
221 1858 295 1918 enim
310 1858 362 1937 [et]
378 1875 537 1919 mensuram
549 1859 681 1919 beneficii
693 1859 734 1919 tui
746 1860 859 1938 penitus
871 1857 1023 1938 intellego,
1040 1875 1131 1928 cums

56 1950 154 2015 potam
168 1941 281 2021 plenam
297 1940 500 2020 indulgentiam
515 1959 579 2002 cum
594 1951 653 2002 tota
664 1941 748 2003 domo
765 1960 828 2003 mea
843 1944 985 2022 experiar,
1002 1944 1048 2003 cui
1058 1961 1104 2004 re·

98 2024 176 2086 ierre
190 2027 307 2103 gratiam
322 2042 419 2103 parem
433 2044 469 2086 ne
485 2024 576 2086 audeo
592 2025 723 2104 quidem,
747 2028 874 2104 quemme
895 2027 1017 2086 maxime
1036 2043 1104 2105 pos·

98 2111 160 2170 sim.
191 2107 291 2189 ltaque
310 2109 347 2170 ad
366 2119 434 2170 vota
456 2109 591 2186 confugio
615 2109 744 2187 deosque
764 2127 871 2186 precor
891 2110 972 2170 otiis
988 2110 1105 2188 quaein

97 2210 143 2252 me
156 2192 274 2254 adsidue
292 2192 407 2255 confers
420 2210 478 2252 non
491 2193 623 2271 indignus
639 2194 794 2255 existimer.

319 2423 346 2475 C.
362 2424 488 2477 PLINIUS
504 2324 880 2478 TISIIIIUNILUUMPERATORI.

160 2526 262 2605 Diem,
294 2526 424 2605 domine,
457 2545 514 2606 quc
538 2528 660 2590 servasti
684 2527 849 2607 imperium,
876 2524 941 2584 dum
966 2524 1103 2604 suscipis,

99 2620 203 2691 quanta
217 2611 337 2672 mereris
352 2610 459 2673 laetitia
474 2612 693 2689 celebravimus,
707 2612 817 2691 precati
831 2610 903 2678 deos
918 2617 948 2668 ut
962 2609 1105 2686 regeneri

98 2695 230 2772 humano,
247 2696 328 2757 cuius
344 2695 434 2756 tutela
448 2705 477 2756 et
488 2699 628 2759 securitas
643 2695 727 2759 saluti
739 2706 805 2757 tuae
819 2696 908 2756 innisa
923 2701 980 2768 est,
995 2689 1104 2751 incolu-

56 2797 175 2852 eomem
192 2785 398 2858 florentemque
412 2791 600 2859 praestarent.
634 2779 806 2841 Praeivimus
821 2787 851 2839 et
865 2775 1104 2837 commilitonibus

11 2916 14 2925 .
96 2865 142 2925 ius
163 2861 309 2924 iurandum
328 2879 408 2924 more
432 2863 581 2943 sollemni,
609 2862 709 2926 eadem
731 2860 952 2942 proiincialibus
977 2858 1105 2919 certatim

10 2976 13 3023 :
97 2949 205 3026 pietate
219 2948 383 3008 iurantibus.

75 692 92 745 5

56 1544 89 1600 15

55 2373 89 2428 at

509 3080 581 3142 mn.
604 3079 696 3160 [uxi]

57 3212 90 3269 35
434 3180 597 3234 TRAIANUS
615 3180 720 3232 PLINIO
740 3180 767 3234 S.

160 3285 271 3359 Quanta
292 3284 434 3363 religione
455 3295 484 3346 et
499 3285 608 3348 laetitia
622 3284 829 3347 commilitones
845 3299 909 3343 cum
923 3279 1106 3362 provinciali·

97 3370 152 3433 bus
169 3381 199 3432 te
217 3379 374 3450 praeeunte
395 3369 470 3430 diem
484 3372 595 3450 imperii
614 3371 671 3430 mei
683 3368 893 3431 celebraverint
908 3365 1049 3443 libenter,
1069 3364 1108 3424 mi

98 3453 235 3518 Secunde
250 3455 405 3532 carissime,
425 3455 550 3532 cognovi
564 3454 667 3515 litteris
683 3454 748 3514 tuis.
