2400 3840
357 113 621 176 uuuuuuulcus
640 124 683 178 78.
697 124 740 179 79.
751 125 794 182 80.
808 125 856 180 81.
1040 116 1103 180 289

96 270 234 348 sumpsit,
258 278 314 329 tam
336 267 457 345 diligens
478 269 693 345 temperamenti
712 277 743 328 ut
761 285 817 329 nec
835 269 962 333 consulis
977 268 1103 329 osticium

95 355 232 434 princeps
254 369 310 412 neo
329 352 467 430 principis
490 349 590 410 consul
605 350 763 427 adpeteret.
792 351 928 412 Videmus
944 356 1102 432 utprovin-

96 439 202 497 ciarum
218 434 383 512 desideriis,
405 442 436 494 ut
451 434 625 511 singularum
641 436 724 494 etiam
741 435 883 496 civitatum
899 424 1034 514 precibus
1052 455 1102 497 oc·

97 530 202 581 currat.
213 518 297 578 Nulla
312 521 340 578 in
354 518 494 578 audiendo
510 516 673 595 difficultas,
689 517 766 578 nulla
781 520 810 578 in
825 519 1028 598 respondendo
1040 539 1100 581 mo·

71 617 139 665 bru:
155 603 259 664 adeunt
275 604 382 678 statim,
400 601 574 663 dimittuntur
589 603 697 670 statim;
719 601 888 682 tandemque
903 605 1041 682 principis
1058 605 1100 664 io-

95 708 143 748 res
159 686 278 748 exclusa
299 686 473 763 legationum
489 686 571 757 turba
582 702 638 744 non
654 685 777 746 obsidet.
810 683 905 760 Quid?
927 689 955 746 in
971 687 1100 748 omnibus
1111 698 1152 762 80

98 771 310 850 cognitionibus
327 788 409 849 quam
426 771 500 830 mitis
522 771 679 847 severitas,
707 787 789 849 qnam
808 787 864 830 non
885 769 1023 833 dissoluta
1040 770 1099 834 cle·

96 853 213 915 mentia!
240 853 305 914 Non
319 852 523 932 locupletando
539 853 611 912 iisoo
633 853 738 931 sedes,
760 873 815 914 nec
831 853 906 914 aliud
921 855 971 914 tibi
986 862 1099 915 senten-

95 940 151 998 tiae
169 947 233 998 tuae
247 940 368 1016 pretium
383 955 465 1016 quam
482 937 556 998 bene
574 937 727 998 iudicasse.
756 937 837 999 Stant
851 948 915 999 ante
930 947 961 998 te
977 936 1099 1016 litigato·

55 1034 143 1084 loros
157 1022 261 1082 nonde
276 1022 395 1082 fortunis
411 1023 481 1100 suis,
497 1021 548 1081 sed
564 1020 600 1082 de
616 1031 663 1083 tua
681 1023 887 1084 existimatione
902 1022 1029 1100 solliciti,
1044 1040 1099 1082 nec

96 1114 151 1163 tam
166 1115 301 1165 verentur
317 1104 383 1183 quid
398 1105 434 1165 de
451 1123 536 1167 causa
551 1124 602 1165 sua
615 1124 698 1184 quam
712 1105 778 1184 quid
792 1104 827 1166 de
841 1108 966 1169 moribus
982 1106 1099 1168 sentias.

97 1187 211 1247 Ouere
236 1190 373 1266 principis
394 1198 478 1267 atque
494 1192 577 1249 etiam
598 1188 741 1266 consulis,
768 1190 957 1251 reconciliare
971 1190 1099 1252 aemulas

97 1272 243 1347 civitates,
269 1279 468 1348 tumentesque
488 1271 613 1350 populos
634 1289 691 1331 non
708 1274 829 1350 imperio
849 1276 940 1350 magis
957 1291 1039 1351 qnam
1055 1291 1100 1332 ra·

95 1357 173 1414 tione
191 1370 386 1430 conpescere3
404 1354 584 1415 intercedere
599 1356 792 1433 iniquitatibus
807 1358 1035 1434 magistratuum,
1058 1359 1098 1415 in·

54 1451 87 1502 15
96 1439 262 1517 lectumque
289 1436 411 1496 reddere
432 1436 567 1516 quidquid
589 1439 650 1498 lieri
670 1454 728 1497 non
753 1441 923 1517 oportuerit;
952 1448 1098 1517 postremo

94 1521 271 1582 velocissimi
286 1519 388 1581 sideris
402 1526 483 1580 more'
494 1518 590 1581 ‘omnia
606 1522 748 1599 inrisere,
771 1526 861 1582 omnia
875 1524 989 1601 audire,
1005 1534 1035 1584 et
1048 1542 1098 1583 un·

95 1606 255 1685 decumque
276 1608 436 1665 invocatum
451 1606 560 1683 statim,
582 1605 662 1666 velut
675 1607 921 1683 numen,.adesse
936 1616 965 1668 et
980 1608 1097 1668 adsiste·
1149 1622 1151 1626 ⁴

94 1689 141 1749 re!
170 1688 248 1749 Talia
267 1707 334 1750 esse
356 1687 525 1749 crediderim
544 1692 701 1769 quaeipse
724 1689 818 1750 mundi
835 1709 938 1770 parens
960 1701 1099 1771 temperat

95 1782 180 1850 nutu,
203 1775 227 1833 si
247 1772 359 1851 quando
378 1771 480 1834 oeulos
496 1771 608 1833 demisit
623 1775 652 1833 in
666 1783 756 1834 terras
772 1783 802 1835 et
817 1774 873 1836 lata
888 1774 1043 1836 mortalium
1057 1777 1085 1835 in

53 1865 140 1922 tuter
159 1857 252 1921 divina
273 1874 362 1935 opera
382 1874 529 1916 numerare
544 1856 674 1935 dignatus
689 1866 749 1917 est:
772 1876 826 1936 qua
842 1876 916 1920 nunc
930 1869 1011 1938 parte
1026 1858 1099 1918 liber

96 1939 281 2019 solutusque,
297 1948 402 2002 tantum
420 1939 502 2001 caelo
516 1949 614 2018 vacat,
637 1950 788 2020 postquam
802 1951 832 2002 te
848 1942 942 2019 dedit,
966 1945 1013 2021 qui
1029 1960 1098 2018 erga

95 2042 178 2084 omne
200 2025 341 2085 bominum
367 2042 459 2102 genus
484 2025 550 2084 uice
577 2043 628 2084 sua
654 2025 824 2103 fungereris.
863 2024 1003 2103 Fungeris
1025 2027 1098 2085 enim

95 2109 261 2187 sufficisque
273 2107 428 2186 mandanti,
452 2125 516 2167 cum
530 2108 580 2168 tibi
596 2109 658 2169 dies
673 2110 762 2168 omnis
777 2127 884 2171 summa
899 2127 963 2170 cum
978 2107 1097 2169 utilitate

94 2202 207 2269 nostra,
225 2209 410 2254 summanum
427 2201 474 2252 tua
488 2191 572 2252 laude
589 2193 734 2253 condatur.

51 2287 85 2339 25
158 2275 267 2350 Quodsi
282 2275 393 2353 qnando
412 2293 477 2335 cum
490 2275 672 2336 induentibus
686 2277 810 2355 negotiis
825 2274 902 2355 paria
922 2275 1034 2351 fecisti,
1055 2275 1096 2334 in·
1108 2277 1147 2340 81

94 2368 153 2419 star
170 2359 336 2420 reiectionis
356 2360 500 2420 existimas
515 2362 697 2421 mutationem
719 2360 835 2420 laboris.
849 2367 851 2371 ’
865 2358 946 2433 Quae
962 2360 1037 2419 enim
1052 2376 1097 2418 re·

94 2444 191 2502 missio
205 2443 255 2502 tibi
270 2445 324 2503 nisi
338 2443 460 2505 lustrare
475 2443 576 2522 saltus,
592 2454 730 2505 excutere
746 2443 887 2504 cubilibus
903 2442 996 2522 ieras,
1012 2460 1098 2523 supe-

93 2541 156 2584 rare
174 2526 300 2586 inmensa
313 2529 447 2588 montium
461 2529 527 2605 iuga
541 2537 571 2588 et
585 2528 765 2590 horrentibus
780 2527 909 2607 scopulis
924 2528 1042 2605 gradum
1057 2529 1097 2586 in·

94 2607 187 2683 ferre,
203 2607 307 2670 nullius
318 2628 418 2689 manu,
430 2611 534 2672 nullius
545 2614 671 2691 vestigio
682 2613 824 2690 adiutum,
840 2621 925 2690 atquc
938 2613 1012 2670 inter
1025 2609 1097 2669 baec

50 2692 141 2770 eopia
155 2700 250 2750 mente
265 2691 342 2752 adire
358 2692 440 2754 lucos
453 2705 482 2755 et
499 2712 653 2756 occursare
667 2691 848 2755 numinibus?
871 2692 945 2754 Olim
959 2693 1032 2753 baec
1047 2710 1097 2752 ex-

93 2775 234 2854 perientia
247 2775 420 2854 iuventutis,
436 2776 508 2837 baec
525 2777 658 2856 voluptas
671 2787 747 2857 crat,
765 2776 810 2839 bis
825 2777 932 2837 artibus
946 2777 1031 2836 iutnri
1047 2775 1096 2835 du·
1137 2834 1140 2838 ,

95 2877 145 2919 ces
160 2858 366 2938 inbuebantur,
389 2868 499 2920 certare
514 2878 577 2920 cum
591 2861 740 2940 fugacibus
758 2861 827 2921 ieris
849 2878 948 2940 cursu,
972 2879 1035 2920 cum
1049 2876 1096 2918 au·

94 2943 212 3002 dacibus
226 2942 349 3021 robore,
371 2960 435 3002 cum
450 2942 560 3004 callidis
574 2953 650 3014 astu;
676 2963 732 3006 nec
746 2944 892 3006 mediocre
909 2945 988 3023 pacis
1007 2944 1095 3005 decus

93 3026 251 3087 habebatur
264 3034 403 3087 summota
421 3029 527 3106 campis
542 3029 664 3107 inmptio
684 3029 807 3090 ferarum
820 3038 850 3089 et
864 3029 1012 3090 obsidione
1030 3045 1096 3106 qua·

48 3109 157 3176 budam
177 3109 313 3172 liberatus
335 3112 490 3189 agrestium
511 3110 602 3173 labor.
633 3111 813 3192 Usurpabant
827 3111 946 3191 gloriam
960 3114 1042 3173 istam
1056 3111 1096 3170 illi

93 3212 207 3274 quoquc
219 3194 365 3274 principes
374 3196 422 3274 qui
435 3194 517 3255 obire
531 3213 588 3256 non
602 3205 747 3276 poterant:
761 3196 932 3276 usurpabant
946 3205 1038 3256 autem
1051 3196 1096 3255 ito

91 3287 123 3337 nt
138 3278 255 3339 domitas
270 3278 432 3359 fractasque
448 3278 577 3341 claustris
593 3280 669 3341 ieras
686 3298 720 3342 ac
735 3280 838 3341 deinde
851 3283 879 3341 in
890 3281 1017 3358 ipsomm
1035 3278 1095 3356 qni-

92 3361 157 3502 deq
177 3362 327 3503 luqurium
356 3363 474 3425 emissas
492 3366 607 3426 mentita
627 3358 786 3444 sagacitate
806 3357 998 3500 colliqqrem.
1022 3361 1113 3414 buxa

152 3467 203 3502 HN!
240 3467 265 3506 P·
