2400 3840
371 199 636 261 PANEGYRICUS
654 209 697 264 ιι.
712 209 753 264 73.
768 209 811 264 ts.
1037 201 1100 267 285

95 356 259 417 cessitatem
275 355 433 415 servitutis:
449 353 596 431 ecquando
611 353 702 414 simile
718 353 822 433 aliquid
836 350 959 416 audisti?
977 373 1100 434 ecquan-

94 439 131 500 do
153 435 266 499 dixisti?
294 437 381 498 lllulta
403 437 515 516 quidem
536 439 682 514 excogitat
702 447 811 516 metus,
838 438 891 500 sed
918 456 991 517 quae
1012 456 1099 518 appa·

93 532 174 584 reaut
192 524 319 601 quaesita
331 523 366 582 ab
380 523 488 581 invitis:
514 520 589 581 aliud
607 521 821 599 sollicitudinis,
843 520 917 582 aliud
937 524 1098 583 securitatis

93 608 236 686 ingenium
256 616 316 675 est;
339 604 393 667 alia
415 606 536 666 tristium
557 607 700 683 inventio,
731 605 786 666 alia
806 605 1003 683 gaudentium:
1029 626 1099 667 neu·

67 700 166 753 strum
197 689 390 752 simulationes
419 692 624 768 expresserint.
664 688 775 750 llabent
800 707 850 749 sua
874 689 963 750 verba
990 692 1097 767 miseri,

93 794 144 836 sua
164 774 253 835 verba
273 774 393 852 felices,
412 784 500 852 utque
520 775 576 833 iam
593 775 713 833 maxime
735 773 834 833 eodem
853 773 888 832 ab
910 774 1037 852 ubisque
1057 773 1099 834 di·

94 866 208 936 cantur,
228 857 312 918 aliter
331 857 471 919 dicuntur.
503 856 597 918 Testis
619 859 683 936 ipse
705 876 737 918 es
761 874 834 936 quae
854 858 883 916 in
904 860 1026 917 omnium
1047 859 1150 924 oreta

94 941 209 1004 laetitia,
236 940 300 1002 Non
315 944 433 1003 amictus
450 944 596 1021 cuiquam,
619 959 676 1001 non
690 941 801 1002 babitus
817 960 901 1020 quem
915 941 999 1001 modo
1017 951 1098 1002 extu-

93 1026 174 1086 lerat.
205 1024 274 1087 lude
290 1025 456 1087 resultantia
476 1026 596 1087 uocibus
614 1035 709 1104 tecta,
730 1024 856 1104 nihilque
871 1028 955 1086 tantis
971 1024 1100 1085 clamori·

53 1122 86 1173 10
96 1111 149 1171 bus
165 1111 233 1171 satis
249 1108 384 1171 clausum.
415 1110 486 1184 Quis
501 1120 639 1171 tuncnon
654 1111 810 1188 evestigio
825 1127 878 1170 suo
894 1105 1013 1169 exiluit?
1036 1111 1099 1188 quis

95 1193 230 1254 exiluisse
245 1192 356 1256 sensit?
373 1194 461 1256 Multa
471 1194 593 1256 lecimus
603 1203 718 1272 sponte,
736 1194 816 1273 pluro
830 1195 965 1255 instinctu
980 1193 1100 1272 quodam

94 1287 123 1337 et
138 1277 269 1354 imperio.
294 1277 365 1337 llam
379 1279 483 1356 gaudio
497 1296 612 1357 quoque
627 1278 751 1355 cogendi
765 1279 809 1337 vis
823 1279 906 1338 inest.
937 1277 1011 1337 Num
1028 1295 1099 1355 ergo

93 1359 207 1419 modum
222 1362 251 1420 ci
263 1368 311 1420 tua
326 1359 426 1422 saltem
440 1361 579 1422 modestia
595 1358 742 1440 inposuit?
763 1360 844 1437 Non,
861 1369 963 1439 quanto
979 1363 1069 1438 magis
1084 1379 1099 1420 a

94 1454 123 1504 te
137 1443 362 1522 reprimebatur,
379 1442 556 1505 exarsimus?
581 1462 637 1504 non
655 1446 847 1521 contumacia,
866 1442 987 1513 Caesam
1002 1444 1055 1505 sed
1070 1454 1100 1504 ut

54 1541 85 1592 15
95 1532 121 1588 in
137 1537 183 1588 tua
195 1536 346 1607 ,potestate
361 1538 405 1589 est
420 1547 455 1590 au
470 1528 660 1607 gaudeamus,
685 1528 724 1586 ita
739 1528 768 1587 iu
784 1536 916 1606 quantum
932 1530 1030 1588 necin
1047 1546 1099 1587 no·

95 1622 161 1673 stra.
182 1610 372 1689 comprobasti
385 1622 415 1673 et
429 1614 491 1691 ipse
503 1611 733 1673 adclamationum
747 1621 904 1672 nostrarum
919 1613 1002 1673 iidem
1016 1611 1099 1672 lacri-

95 1714 200 1756 marum
213 1705 323 1756 tuarum
337 1697 467 1757 veritate.
495 1695 620 1757 Vidimus
634 1705 816 1758 umesccutes
832 1694 934 1757 oculos
948 1706 1031 1774 tuos,
1049 1695 1099 1757 de·

93 1781 268 1859 missumque
279 1779 384 1858 gaudio
396 1781 514 1858 vultum,
529 1789 691 1858 tantumque
702 1781 845 1858 sanguinis
857 1781 886 1840 iu
902 1797 953 1840 ore
968 1791 1100 1859 quantum

94 1865 121 1922 in
137 1866 229 1924 animo
242 1864 370 1942 pudoris.
396 1866 493 1943 Atque
510 1864 566 1924 boc
579 1866 668 1941 magis
686 1865 796 1925 incensi
811 1883 906 1925 sunaus
922 1875 951 1925 ut
966 1883 1099 1943 precare·

51 1956 86 2008 20
94 1967 154 2006 mur
168 1967 205 2008 nc
227 1948 337 2027 quando
355 1949 406 2008 tibi
424 1966 481 2008 non
496 1948 595 2009 eadem
613 1965 697 2008 causa
711 1947 904 2025 lacrimarum,
922 1959 1010 2026 utque
1022 1967 1100 2007 num·

94 2048 177 2109 quam
198 2031 320 2092 frontem
341 2041 416 2093 tuam
438 2079 445 2091 .
464 2079 470 2092 .
488 2074 518 2092 ..
565 2031 628 2092 lloc
651 2033 743 2110 ipsum
764 2032 815 2094 has
837 2032 924 2093 sedes
945 2049 998 2093 nos
1020 2033 1099 2110 quasi

93 2131 283 2193 responsurae
308 2117 534 2195 interrogemus,
558 2115 715 2176 viderintne
740 2134 871 2194 umquam
897 2117 1034 2194 principis
1060 2114 1100 2174 la·

95 2199 211 2259 crimes:
244 2208 272 2260 at
290 2209 405 2261 senatus
427 2218 517 2280 saepe
538 2199 680 2261 viderunt.
715 2199 845 2261 onerasti
864 2199 975 2261 futuros
997 2201 1101 2277 princi·

93 2301 164 2360 pes,
180 2283 232 2343 sed
246 2294 276 2344 et
286 2293 422 2362 posteros
437 2294 563 2346 nostros.
582 2282 653 2344 Nam
663 2293 693 2344 et
708 2284 737 2344 bi
751 2303 768 2344 a
781 2285 956 2364 principibus
969 2286 1028 2344 suis
1039 2284 1099 2342 exi·

50 2375 85 2428 25
96 2376 166 2444 gent
181 2376 211 2427 ut
226 2368 325 2428 eadem
340 2369 436 2429 audire
452 2377 627 2446 mereantur,
643 2377 672 2428 et
686 2367 728 2427 illi
743 2368 820 2446 quod
834 2387 892 2428 non
905 2368 1016 2428 audiant
1030 2366 1100 2426 indi·

93 2451 260 2528 gnabuntur.
286 2451 363 2512 Nihil
378 2454 470 2530 magis
485 2471 604 2533 possum
620 2455 737 2531 proprie
752 2451 850 2514 dicere
867 2470 951 2532 quam
966 2451 1043 2531 quod
1060 2451 1099 2510 di·
1110 2463 1151 2527 74

94 2543 170 2593 ctum
190 2545 235 2596 est
256 2555 272 2597 a
290 2546 394 2598 cuncto
407 2547 524 2615 senatu,
547 2543 578 2598 ‘o
590 2547 620 2598 te
634 2536 778 2598 felicem’!
811 2537 895 2611 Quod
910 2554 974 2597 cum
988 2537 1098 2597 dicere·

93 2634 173 2695 mus,
189 2636 246 2679 non
259 2638 331 2700 opes
347 2630 410 2683 tuas
425 2622 611 2683 sedecimum
625 2622 802 2683 mirabamur.
831 2621 884 2683 Est
899 2624 973 2681 enim
989 2619 1100 2680 demum

93 2719 162 2759 vera
175 2701 299 2765 felicitas
313 2704 451 2766 felicitate
466 2706 582 2783 dignum
598 2705 699 2765 videri.
734 2705 792 2765 Sed
808 2724 871 2766 curn
884 2703 971 2764 multa
985 2703 1036 2763 illo
1052 2702 1100 2762 die

50 2783 169 2845 30dicta
184 2795 248 2846 suut
264 2789 410 2865 sapienter
431 2798 461 2849 et
477 2792 620 2866 grauiter,
641 2799 700 2849 turn
713 2787 760 2848 vel
776 2791 805 2848 iu
822 2791 918 2867 primis
936 2786 1036 2847 ‘crede
1050 2803 1100 2846 uo·

95 2868 157 2943 bis,
182 2869 268 2929 crede
283 2870 355 2930 tibi’.
386 2871 489 2948 Magna
503 2872 559 2933 hoc
578 2872 680 2932 liducia
694 2873 801 2948 nostri,
829 2873 935 2932 maiore
952 2881 1045 2932 tamen
1060 2870 1100 2929 tui

94 2951 222 3013 diximus.
245 2953 327 3014 Alius
342 2955 417 3014 euim
431 2955 555 3016 fortasse
570 2954 671 3032 aliurn,
687 2956 779 3034 ipsum
793 2975 827 3016 se
840 2972 924 3015 cerno
939 2955 1098 3032 deceperit.

94 3034 276 3113 lntrospiciat
292 3036 377 3098 modo
388 3039 489 3116 simun,
506 3058 596 3118 seque
614 3039 681 3118 quid
696 3049 839 3099 mercatur
848 3041 1015 3117 interroget.
1032 3036 1099 3097 Pro·

93 3118 159 3179 inde
171 3118 255 3180 dabat
268 3120 389 3182 vocibus
404 3124 509 3183 nostris
520 3121 604 3182 fidem
619 3122 693 3202 apud
706 3125 839 3199 optimum
851 3125 1009 3202 principem
1023 3121 1099 3201 quod

50 3202 167 3282 35apud
183 3203 274 3264 malos
291 3205 467 3266 detrahebat.
503 3204 637 3279 Quamvis
652 3208 726 3267 eninr
741 3206 901 3268 laceremus
917 3226 990 3286 qnae
1005 3223 1098 3265 aman-

93 3297 138 3348 tes
155 3287 267 3367 solent,
285 3288 328 3348 illi
339 3297 434 3350 tamen
446 3307 503 3350 non
518 3293 603 3350 amori
618 3309 650 3350 se
666 3290 820 3351 credebant
835 3292 898 3353 sibi.
919 3289 1099 3371 superhaec

93 3373 204 3450 precati
220 3390 315 3435 sumus
330 3383 360 3434 ut
376 3375 419 3434 sic
434 3382 462 3435 te
474 3383 598 3435 amarem
614 3374 651 3434 dii
665 3374 896 3453 quemadmodum
907 3385 938 3436 tu
948 3392 1011 3435 nos.
1029 3373 1099 3448 Quis

93 3453 150 3516 hoc
163 3466 209 3516 aut
221 3457 258 3517 de
270 3478 303 3521 se
313 3467 360 3520 aut
373 3458 495 3536 principi
510 3458 619 3520 diceret
630 3458 813 3520 mediocriter
821 3457 943 3521 amanti?
955 3458 1009 3519 Pro
1017 3458 1100 3519 nobis
