2400 3848
316 194 580 260 EPISTULARUM
590 195 656 258 llll.
676 208 721 261 20.
732 206 776 259 21.
788 207 832 259 22.
846 205 889 259 23.
1062 194 1104 259 83

97 350 218 429 amiens,
232 351 261 410 in
276 349 451 412 duumviratu
461 350 617 412 tollendum
629 318 859 428 abolendumque
871 350 988 409 curavit.
1009 348 1105 427 Nega·

97 435 182 496 batur
199 452 236 494 ox
253 436 422 496 anctoritate
441 433 683 513 publicalecisse.
706 432 774 511 Egit
785 435 850 512 ipse
863 434 1130 495 causamnonmi·2

97 537 152 578 nus
172 517 300 579 feliciter
313 536 397 597 quam
415 518 531 580 diserte.
561 515 774 580 conmendabat
790 519 933 578 actionem
945 517 1023 596 quod
1036 527 1105 578 tam-

99 618 182 682 quam
199 601 285 663 bomo
301 601 444 663 Romanus
464 612 493 663 et
511 603 604 664 bonus
621 603 692 664 ciris
709 603 739 662 in
755 603 873 679 negotio
891 618 944 662 suo
955 609 1064 662 mature
1076 611 1107 662 nt

71 687 226 765 egmnter
242 684 423 765 loquebatur.
455 684 697 748 Gumsententiae
714 693 954 765 perrogarentur,
980 683 1133 746 dixitlu·3

98 771 162 832 nius
173 768 334 849 Mauricus,
345 786 404 850 quo
415 772 477 832 viro
487 770 556 831 nihil
567 772 690 849 firmius,
701 767 770 830 nibil
781 771 894 848 verius,
912 784 969 829 non
981 788 1049 830 esse
1060 787 1106 830 re-

99 853 273 918 stituendum
288 854 498 917 Viennensibus
515 871 622 934 agona:
643 854 747 916 adiecit
765 852 884 914 ‘vellem
901 854 986 913 etiam
996 852 1106 913 Romae

98 936 163 999 tolli
178 943 300 1016 posset’
324 935 513 1017 Constantes,
525 940 635 1018 inquis,
650 947 681 998 et
691 939 811 998 lortiter.
835 933 960 1010 Quidni?
978 936 1031 998 sed
1048 936 1132 998 hoel

99 1020 253 1083 allaurico
265 1039 369 1083 novum
383 1040 441 1084 non
453 1033 508 1084 est.
527 1021 606 1084 ldem
616 1021 691 1101 apud
702 1024 904 1101 imperatorem
915 1019 1039 1081 Nervam
1050 1037 1109 1082 non

56 1107 191 1175 lominus
208 1106 327 1168 fortiter.
357 1104 483 1169 Genabat
496 1105 592 1168 Nerva
603 1123 668 1166 cum
682 1108 797 1185 paucis:
818 1104 942 1166 Veiento
960 1106 1107 1186 proximus

98 1199 185 1270 atquo
204 1192 288 1252 etiam
303 1192 333 1251 in
355 1193 417 1250 sinu
440 1191 640 1252 recumbebat:
667 1188 724 1250 dixi
746 1191 856 1267 omnia,
880 1205 944 1248 cum
964 1190 1108 1250 bominem

98 1275 249 1335 nominari.
283 1273 384 1335 lncidit
400 1291 496 1337 sermo
513 1272 549 1334 de
569 1270 682 1335 Catullo
697 1272 871 1351 Messalino,
894 1275 944 1352 qui
956 1272 1131 1334 luminibus5

100 1359 217 1418 orbatus
236 1358 354 1435 ingenio
371 1375 459 1419 saevo
475 1356 548 1417 mala
567 1359 713 1418 caecitatis
730 1355 890 1417 addiderat:
913 1373 970 1416 non
988 1357 1107 1419 vereba-

99 1452 162 1516 tur,
180 1458 239 1501 non
254 1441 461 1517 erubescebat,
479 1456 536 1500 non
549 1440 749 1509 miserebatur;
776 1455 833 1519 quo
851 1441 968 1518 saepius
983 1440 1108 1501 aDomi-

56 1539 90 1594 15
99 1528 178 1587 tiano
193 1541 249 1585 non
261 1543 347 1587 secus
357 1542 393 1586 ac
407 1522 480 1602 tela,
501 1541 574 1604 quae
591 1532 621 1584 st
635 1525 698 1602 ipsa
711 1541 798 1584 caeca
810 1531 840 1585 et
852 1522 1001 1602 inprovida
1012 1525 1108 1585 lerun-

100 1620 163 1688 tur,
180 1610 209 1668 in
230 1610 366 1687 optimum
383 1625 525 1689 quemque
544 1607 794 1687 contorquebatur.
824 1606 871 1668 De
884 1605 967 1669 huius
984 1610 1136 1688 nequitiati

100 1694 345 1772 sanguinariisque
364 1694 514 1754 sententiis
532 1694 560 1751 in
581 1709 727 1751 commune
741 1709 841 1754 omnes
853 1708 942 1770 super
954 1710 1054 1753 cenam
1066 1692 1110 1752 ln·

101 1777 276 1858 quebantur,
288 1778 427 1855 cumipse
439 1777 594 1856 imperator
609 1776 690 1855 ‘quid
701 1784 831 1855 putamus
843 1793 992 1855 passurum
1004 1776 1106 1856 luisse,

101 1865 126 1924 si
142 1857 293 1922 riveretl'
322 1870 352 1923 et
373 1860 516 1922 llanrieus
539 1860 700 1922 ‘nobiscum
722 1865 860 1921 cenaret?
890 1858 1016 1939 Longius
1039 1861 1132 1939 abii,'l

56 1945 194 2009 tolibens
210 1956 313 2007 tamen.
334 1944 443 2007 Placuit
453 1963 546 2022 agona
563 1942 643 2022 tolli,
669 1945 717 2024 qui
734 1961 830 2006 mores
848 1943 1054 2005 Viennensium
1067 1947 1108 2005 in·

100 2030 229 2108 lecerat,
251 2039 283 2090 ut
298 2038 397 2090 noster
413 2029 459 2089 hic
478 2030 610 2088 omnium.
643 2027 715 2088 Nam
732 2026 937 2089 Viennensium
954 2030 1022 2088 vitia
1038 2031 1109 2090 intra

100 2115 182 2192 ipsos
199 2112 343 2192 residunt,
362 2121 459 2173 nnstm
476 2110 533 2173 late
550 2120 703 2190 vagantur,
728 2120 816 2191 utque
833 2112 862 2171 in
882 2112 1051 2190 corporibus
1066 2114 1109 2173 sic

99 2200 129 2256 in
152 2198 273 2275 imperio
296 2196 481 2276 gravissimus
504 2205 549 2257 est
567 2195 682 2256 morbus
708 2197 756 2274 qui
776 2213 793 2257 a
821 2195 914 2275 capite
936 2194 1107 2259 diffunditur.

99 2279 183 2342 Vale.

57 2367 92 2420 ²⁵
552 2411 658 2473 xmrr.

307 2508 334 2560 G.
350 2511 477 2563 PLINIUS
492 2512 657 2566 POMPONIO
675 2511 777 2563 BASSO
796 2511 857 2565 SUO
874 2513 901 2566 S.

165 2612 295 2691 nagnam
308 2613 374 2692 cepi
385 2613 578 2693 voluptatem,
602 2634 666 2677 cum
684 2634 721 2675 ex
741 2614 936 2676 communibus
948 2615 1047 2675 amieis
1061 2626 1130 2678 co·l

101 2700 190 2777 gnori
212 2707 241 2758 te
264 2706 293 2757 nt
316 2698 455 2776 sapientia
472 2707 519 2760 tua
543 2698 657 2778 dignum
675 2708 721 2760 est
748 2709 779 2759 et
795 2699 949 2779 disponere
968 2700 1056 2758 otium
1080 2707 1110 2758 et

58 2783 198 2860 doferic,
221 2779 347 2841 babitare
371 2783 570 2843 amoenissime
593 2793 624 2844 et
640 2801 716 2843 nune
733 2792 809 2844 terra
825 2799 900 2842 nnnc
916 2782 985 2841 mari
1004 2797 1110 2860 corpus

100 2868 227 2944 agitare,
246 2864 362 2924 multum
380 2865 542 2946 disputare,
561 2866 678 2926 multum
696 2865 810 2943 audire,
831 2864 948 2926 multum
967 2863 1110 2944 lectitare,

102 2967 224 3031 eumque
236 2947 387 3029 plurimum
403 2951 495 3029 scias,
519 2951 625 3012 cotidie
642 2960 736 3011 tamen
749 2949 856 3029 aliquid
873 2948 1033 3010 addiscere.
1068 2948 1136 3012 lma

101 3051 260 3097 senescere
278 3041 394 3112 oportet
410 3035 501 3094 virum
518 3036 566 3113 qui
577 3036 757 3113 magistratus
769 3032 959 3113 amplissimos
970 3035 1110 3113 gesserit,

103 3121 248 3181 exercitus
259 3120 376 3196 rexerit,
392 3126 539 3197 totumque
552 3136 585 3179 se
601 3118 804 3199 reipublicae,
823 3134 907 3198 quam
918 3116 964 3179 diu
977 3117 1110 3197 decebat,

56 3213 92 3267 35
103 3203 250 3283 optulerit.
283 3201 354 3262 Nam
374 3211 404 3264 et
423 3204 512 3282 prima
524 3205 599 3264 vitae
613 3213 743 3282 tempora
761 3211 791 3262 et
807 3200 899 3263 media
917 3204 1043 3281 patriae,
1062 3211 1137 3264 err-3

102 3287 286 3349 tremanobis
298 3288 443 3366 impertire
460 3285 613 3365 debemus,
635 3295 667 3347 ut
683 3289 763 3365 ipsae
780 3285 865 3365 leges
880 3295 1012 3364 monent,
1036 3303 1110 3364 quae

101 3374 237 3435 maiorem
251 3374 329 3432 annis
347 3373 406 3431 otio
424 3369 553 3431 reddunt.
576 3368 695 3445 Quando
707 3370 774 3430 mibi
794 3370 910 3449 licebit,
933 3368 1045 3449 quando
1056 3378 1135 3448 pert

102 3465 226 3520 aetatem
239 3455 391 3519 honestum
405 3456 459 3516 erit
472 3455 572 3516 imitari
586 3454 663 3517 istud
679 3451 887 3535 pulcherrimae
899 3455 1003 3599 qqietis
1015 3469 1110 3514 exem-
