2400 3840
346 209 610 274 EPISTULARUM
624 211 661 272 11.
683 221 726 276 13.
743 223 784 276 14.
1023 213 1064 276 35

58 364 172 446 qualis,
195 382 278 443 quam
293 364 430 442 probatus
445 382 585 442 carusque
603 367 639 425 sit
653 365 754 443 uobis,
771 383 855 444 quem
869 383 941 444 rogo
955 384 1008 446 pro
1023 367 1065 426 in·

58 449 160 528 genio,
177 465 232 528 pro
246 446 359 508 tonum
372 456 419 507 tua
434 462 569 509 axomes.
591 447 623 507 ln
639 449 736 526 primis
752 466 812 510 ama
829 447 985 510 hominem:
1003 466 1066 510 nam

60 532 131 594 lieet
152 531 263 593 tribuas
283 531 312 591 ei
330 541 462 609 qnantum
477 530 678 610 amplissimum
692 542 794 611 potes,
816 532 884 593 nihil
899 542 993 594 tamen
1008 551 1065 593 am·

60 614 137 696 plius
152 623 241 695 potes
256 614 378 676 amicitia
391 624 453 683 tna;
469 616 549 676 cuius
566 633 633 677 esse
650 634 714 676 eum
730 634 822 695 usqne
839 617 874 676 ad
887 618 1010 678 intimam
1023 614 1066 677 la·

38 698 252 765 amiliaritatem
268 715 404 776 capacem
427 715 484 777 quo
500 699 590 776 magis
611 701 720 778 scires,
745 700 872 760 breviter
889 701 941 760 tibi
962 700 1064 778 studia,

61 801 170 862 mores,
187 798 298 842 omnem
313 780 436 860 denlque
452 783 537 842 vitam
552 783 615 844 eins
631 783 773 862 expressi.
793 781 986 844 Extenderem
999 797 1103 865 pre-11

63 885 126 946 ces,
141 867 197 928 nisi
212 875 242 926 et
253 875 283 926 tu
296 866 392 943 rogari
407 863 453 924 diu
465 864 570 944 nolles,
587 877 615 927 et
629 884 685 945 eqo
699 876 759 927 tota
772 866 828 927 hoe
843 865 966 946 epistula
978 867 1082 928 fecis·

61 968 138 1011 sem:
160 950 351 1028 rogatenim,
374 956 403 1009 et
417 947 531 1027 quidem
545 949 762 1029 efficacissime,
784 952 831 1030 qui
852 949 945 1010 reddit
966 968 1066 1011 causas

61 1033 191 1113 rogandi.
217 1030 300 1092 Vale.
506 1049 509 1053 ·

25 1134 56 1187 ¹⁰
523 1162 613 1226 xuu.

340 1262 367 1318 G.
388 1263 515 1316 PLINIUS
533 1263 665 1315 MAXIMO
683 1263 742 1316 SUO
760 1265 788 1315 S.

123 1366 231 1426 Verum
245 1365 383 1444 opinaris:
406 1365 569 1443 destringor
589 1364 838 1427 centumviralibus
861 1365 972 1443 causis,
995 1377 1091 1445 quael

62 1469 107 1510 me
123 1458 262 1510 exercent
276 1449 366 1526 magis
383 1467 466 1528 quam
482 1448 636 1510 delectant.
657 1449 727 1508 Sunt
743 1449 817 1508 enim
831 1447 988 1527 pleraeque
1003 1467 1066 1528 par·

23 1544 115 1598 lanae
131 1542 161 1594 et
172 1531 270 1594 exilis:
293 1549 358 1593 raro
377 1531 474 1593 incidit
487 1532 536 1592 vel
551 1550 736 1612 personamm
754 1532 881 1593 claritate
896 1531 944 1591 vel
958 1534 1067 1610 negotii

61 1615 254 1696 magnitudine
270 1616 401 1694 insignis.
426 1616 473 1677 Ad
486 1616 543 1677 hoc
561 1618 644 1695 pauci
663 1634 727 1676 curn
742 1616 844 1695 quibus
859 1617 937 1677 iuvet
952 1615 1092 1677 dicereza

63 1701 155 1763 ceteri
169 1698 294 1761 audaces
311 1709 397 1779 atque
417 1701 501 1761 etiam
520 1718 679 1778 magnaeus
700 1709 779 1778 parte
795 1698 1002 1764 adulescentuli
1017 1701 1067 1760 ob·

62 1785 141 1847 scuni
165 1782 201 1844 ad
224 1782 436 1844 declamandum
462 1784 518 1845 buc
538 1785 724 1860 transiemut,
752 1795 807 1844 tam
826 1785 1023 1845 inreverenter
1038 1793 1067 1844 et

61 1878 174 1929 temere
193 1875 225 1926 ut
244 1866 312 1927 mibi
326 1865 429 1929 Atilius
448 1877 549 1929 noster
562 1886 702 1948 expresse
717 1866 824 1929 dixisse
837 1865 967 1928 videatur
980 1871 1023 1928 sie
1039 1868 1067 1926 in

21 1952 126 2022 coloro
140 1966 249 2031 pueros
267 1968 284 2010 a
300 1950 548 2013 centumviralibus
568 1952 661 2012 causis
678 1952 819 2030 auspicari
836 1960 867 2011 ut
887 1952 922 2011 ab
941 1949 1066 2012 Homero

60 2038 89 2096 iu
104 2034 227 2097 scholis.
254 2031 324 2094 Nam
339 2033 387 2094 laic
407 2052 522 2113 quoque
542 2043 573 2094 ut
588 2034 648 2095 illic
662 2036 780 2113 primum
796 2036 893 2113 coepit
908 2053 975 2095 esse
991 2034 1068 2112 quod

60 2121 212 2179 muimum
227 2126 282 2178 est.
308 2118 348 2178 At
361 2115 486 2179 Hercule
503 2128 568 2178 ante
585 2117 748 2178 memoriam
761 2136 853 2178 meam
873 2118 927 2195 (ita
943 2117 1067 2177 maiores

59 2213 128 2264 natu
143 2201 240 2263 solent
254 2200 368 2280 dicere)
386 2220 423 2261 ne
443 2201 628 2262 nobilissimis
648 2199 761 2281 quidem
774 2200 1005 2261 adulescentibus
1023 2199 1066 2259 lo·

61 2305 113 2349 cus
135 2295 197 2347 erat
216 2285 271 2346 uisi
291 2284 386 2364 aliquo
404 2285 547 2347 consulari
568 2284 760 2364 producente:
785 2295 861 2346 tanta
881 2285 1066 2345 veneratione

23 2368 284 2451 &pulcherrimum
299 2387 371 2448 opus
389 2368 546 2430 colebatur.
567 2367 650 2431 Nunc
664 2369 796 2431 refractis
810 2367 927 2448 pudoris
939 2379 968 2430 et
982 2377 1091 2430 reve-4

60 2455 169 2516 reatiae
187 2452 319 2515 claustris
333 2453 424 2512 omnia
438 2462 536 2532 pateat
551 2455 691 2531 omuibus,
708 2472 764 2514 uec
775 2452 943 2514 inducuntur
957 2453 1008 2513 sed
1025 2454 1067 2512 in-

59 2545 204 2618 rumpunt.
238 2537 401 2616 Sequuntur
414 2536 557 2598 auditores
575 2538 719 2598 actoribus
739 2536 867 2616 similes,
890 2535 1023 2598 conducti
1039 2546 1069 2596 ct

59 2621 218 2701 redempti:
241 2639 377 2700 manceps
401 2622 582 2682 convenitur:
606 2622 635 2680 in
653 2621 746 2682 media
765 2620 884 2682 basilica
905 2629 961 2680 tam
975 2618 1069 2699 palam

60 2704 209 2786 sportulae
226 2722 308 2783 quarn
326 2706 354 2764 in
371 2703 493 2765 triclinio
512 2704 624 2765 dautur:
643 2724 681 2765 ex
694 2705 798 2766 iudicio
815 2704 993 2765 iniudicium
1008 2703 1069 2781 pari

19 2788 197 2858 tcmercede
209 2790 349 2849 transitur.
382 2786 451 2849 lude
462 2790 516 2848 iam
526 2806 583 2848 non
594 2789 728 2850 inurbane
740 2789 916 2866 σοφοκλεῐς
928 2794 1092 2848 vocantur5

62 2864 217 2955 [ἀπὸτοῦ
228 2871 343 2952 σοφαῖς
354 2867 409 2932 καὶ
420 2871 624 2949 καλεῖσθαι];
636 2872 727 2932 isdem
733 2870 858 2932 Latinum
868 2887 971 2930 nornen
987 2870 1069 2948 inpo-
1095 2846 1171 2993 a<

61 2958 146 3019 situm
164 2966 211 3017 est
225 2955 377 3025 laudiceni.
397 2953 435 3017 Et
455 2966 548 3017 tamen
565 2957 671 3016 crescit
685 2955 714 3014 in
730 2955 791 3016 dies
806 2953 929 3015 foeditas
949 2962 1094 3033 utraqueit

60 3040 157 3120 lingna
172 3049 279 3101 notata.
298 3039 375 3101 llere
393 3038 449 3100 duo
464 3037 692 3100 nomenclatores
707 3039 762 3099 mei
778 3037 899 3118 (babent
910 3056 980 3099 sane
991 3049 1069 3100 aeta·

61 3133 119 3186 tem
141 3141 242 3185 eorum
269 3125 316 3204 qui
341 3142 433 3203 nuper
452 3134 535 3202 togas
560 3121 746 3202 sumpserint)
774 3123 862 3183 ternis
889 3120 1010 3183 denariis
1030 3122 1068 3184 ad

21 3206 229 3269 attenuandam
244 3207 435 3269 trahebantur.
456 3207 536 3268 Tanti
551 3216 663 3268 constat
675 3217 705 3268 ut
719 3208 759 3268 sis
771 3206 984 3267 disertissimus.
1004 3203 1070 3262 Hoc

61 3293 156 3371 pretio
186 3291 340 3369 quamlibet
361 3309 512 3352 numerosa
538 3288 675 3351 subsellia
699 3289 858 3370 inplentur,
886 3290 943 3351 hoc
966 3291 1071 3366 ingens

64 3390 170 3436 corona
187 3374 343 3453 colligitur,
358 3374 414 3436 hoc
429 3376 526 3436 infiniti
538 3372 678 3435 clamores
692 3382 915 3452 commoventur,
932 3391 994 3434 cum
1007 3379 1093 3438 met

64 3456 205 3522 sochorus
220 3459 296 3520 dedit
311 3460 437 3536 signum:
456 3477 529 3538 opus
546 3466 592 3519 est
606 3457 679 3517 enirn
695 3459 778 3538 signo
794 3458 869 3538 apud
885 3475 942 3518 nou
957 3453 1070 3516 intelle-

886 3540 901 3577 a
