2400 3840
122 164 184 229 144
541 158 574 220 0.
598 157 694 219 ritui

122 315 291 375 mandantur.
316 312 380 385 Quo
397 330 513 372 munere
529 311 633 371 Fannia
648 312 712 371 dum
726 312 830 373 sedulo
844 312 983 390 iungitur,
999 311 1052 372 boc
1064 310 1107 372 dis·

99 400 240 463 berimine
257 396 383 473 inplicita
398 405 451 456 est.
488 394 613 456 Insident
628 396 738 473 febres,
752 398 841 457 tussis
855 397 1004 474 increscit,
1021 412 1110 457 sumna

124 483 241 558 macies,
258 497 363 540 summa
381 479 524 540 deiectio:
540 482 647 539 animus
664 486 769 539 tantum
785 487 817 540 ct
830 481 950 558 spiritus
965 482 1044 557 viget
1056 476 1110 538 Hei-

123 564 201 625 vidio
215 566 325 641 marito,
341 562 465 623 'ihrasea
480 572 560 641 patre
576 561 773 640 dignissimum
793 561 907 641 reliqua
924 562 1052 623 labuntur
1065 580 1111 622 me·

98 660 180 728 tque
200 663 257 707 non
276 657 352 707 metu
370 656 474 708 tanturn
494 664 592 708 verum
613 648 696 706 etiam
717 645 817 706 dolore
838 647 1001 707 conboiunt
1032 644 1129 706 Doleat
1182 681 1185 692 ·

125 735 198 794 enim
215 730 346 793 ieminam
361 733 508 790 maximam
522 731 594 808 eripi
610 729 702 790 oeulis
714 731 851 806 civitatis,
863 731 967 790 nescio
979 726 1116 808 anuliquid
1191 768 1195 805 ,

126 816 218 879 simile
232 817 344 876 visuris.
377 812 459 887 Quae
473 815 587 874 castitm
602 813 658 872 ilii!
681 830 754 892 quae
775 814 924 874 sanctitas!
948 822 1115 892 quamngru

126 899 211 961 vitas!
235 909 338 978 quanta
360 896 530 957 constantis!
552 896 746 957 bismantum
767 898 911 957 secutain
936 896 1053 958 exilium
1070 904 1115 972 est,

100 986 209 1046 sternio
227 985 289 1061 ipsa
305 990 423 1059 propter
439 981 565 1038 marium
586 980 723 1058 relegata.
750 978 821 1040 Nam
840 996 906 1040 cum
921 979 1117 1042 Senecionem

127 1076 222 1140 esset,
238 1064 314 1143 quod
329 1064 365 1123 de
382 1066 440 1123 vita
456 1061 568 1123 Helvidi
583 1062 672 1125 libros
687 1065 916 1143 composuisset,
941 1072 1117 1144 rogatumque
1124 1074 1147 1127 it

127 1168 159 1208 se
176 1147 309 1207 aFannia
323 1149 351 1206 in
366 1146 532 1209 defensione
547 1146 681 1225 dixisset,
704 1155 859 1224 quaerente
876 1149 1027 1209 minaciter
1040 1146 1119 1208 dictio
1183 1164 1186 1169 ·

35 1280 38 1286 .
127 1230 201 1292 Caro
224 1249 258 1291 an
275 1239 408 1309 rogasset
427 1231 575 1310 respondit
594 1233 735 1308 rogave,
758 1248 792 1291 an
817 1233 1039 1293 commentarios
1058 1232 1119 1292 scri·

128 1325 211 1395 pturo
224 1314 362 1394 dedisset,
376 1315 478 1393 ‘dedi’‚
492 1334 528 1375 an
539 1317 649 1377 sciente
661 1324 760 1393 matre,
776 1316 950 1376 ‘nesciente'
958 1337 967 1385 ;
982 1323 1119 1394 postremo

102 1400 232 1464 dunilam
245 1417 348 1460 vocem
361 1401 509 1461 cedentem
523 1398 651 1476 periculo
664 1399 765 1459 emisit.
787 1397 860 1470 Quin
872 1400 957 1458 etiam
969 1398 1035 1460 illos
1049 1400 1120 1475 ipsos

128 1485 233 1560 libros,
256 1502 420 1563 quamquam
442 1503 479 1543 ex
499 1485 671 1544 necessitate
692 1491 721 1542 et
737 1491 813 1540 metu
828 1490 990 1560 temporum
1006 1480 1151 1548 abolitoslt

129 1567 403 1644 senatusconsulto,
420 1566 569 1645 publicatis
585 1566 668 1627 bonis
686 1567 808 1626 servarit
829 1563 942 1644 habuit,
965 1565 1122 1645 tadr'tquein

104 1650 242 1714 texilium
266 1650 344 1708 exilii
367 1666 488 1712 causam.
526 1648 634 1709 Eadem
656 1666 737 1727 quam
758 1647 895 1727 iucunda,
921 1664 1007 1729 quam
1028 1650 1121 1726 comis,

130 1749 213 1809 quam
234 1731 372 1810 denique,
394 1732 469 1811 quod
493 1735 592 1810 paucis
615 1733 708 1793 datum
729 1742 789 1810 est,
810 1750 868 1792 non
890 1734 983 1794 minus
1003 1731 1122 1795 amabilis

130 1833 211 1893 quam
231 1815 405 1875 veneranda!
424 1815 522 1878 Eritne
544 1835 625 1897 quam
639 1825 740 1895 postea
760 1817 897 1878 uxoribus
913 1817 1023 1878 nostris
1034 1827 1122 1878 osten·

129 1908 189 1958 tare
204 1897 367 1977 possimus?
385 1902 438 1961 erit
456 1920 472 1961 a
488 1918 542 1981 qua
555 1902 607 1960 viri
621 1918 735 1979 quoque
751 1900 922 1962 fortitudinis
937 1900 1069 1980 exempla
1081 1906 1155 1961 subt

129 1979 256 2044 mamus?
283 2002 365 2063 quam
387 1987 430 2046 sic
455 1994 605 2046 cernentes
625 1984 830 2063 audientesque
855 1986 990 2057 miremur
1010 1993 1041 2046 ut
1065 1982 1124 2044 illas
1189 2050 1191 2061 Ι

103 2077 203 2146 equae
218 2067 372 2146 leguntur?
402 2069 448 2129 Ac
464 2069 530 2128 mihi
547 2070 645 2129 domus
659 2070 721 2145 ipsa
735 2077 832 2128 nutme
845 2067 1041 2148 convulsaque
1055 2067 1124 2129 sedi·
1189 2072 1191 2127 i

129 2152 182 2212 bus
204 2155 263 2213 suis
282 2157 389 2213 ruitura
408 2171 493 2230 supra
513 2153 640 2230 videtur,
661 2151 730 2213 licet
751 2150 841 2212 adbuc
862 2160 999 2230 posteros
1018 2152 1123 2213 lrabeat.

131 2235 249 2306 Quantis
266 2239 339 2296 enim
353 2237 502 2297 virtutibus
517 2239 684 2314 quantisque
706 2236 789 2296 iactis
803 2235 997 2315 adsequentur
1013 2245 1043 2296 ut
1058 2235 1126 2297 baec

104 2327 185 2380 9non
204 2321 357 2379 novissima
375 2316 534 2378 occiderit?
565 2318 612 2378 bie
634 2318 746 2398 quidem
765 2318 834 2378 iilud
855 2321 941 2379 etiam
965 2319 1076 2397 adfligit
1099 2327 1158 2382 etti

129 2409 245 2477 torquet
267 2401 343 2479 quod
369 2412 485 2462 matrem
505 2405 589 2481 cius„
607 2402 682 2463 iliam
700 2403 782 2482 (uiuit
797 2418 914 2483 possum
927 2402 1073 2464 industrius
1089 2402 1127 2463 di·

131 2483 214 2562 cere)
231 2493 324 2545 tantae
346 2485 466 2545 feminac
486 2496 619 2563 matrem,
643 2506 741 2549 rursus
762 2487 863 2547 videor
884 2489 1031 2565 cumbere,
1048 2502 1127 2566 mam

129 2567 218 2647 haec,
242 2577 272 2629 ut
292 2567 383 2628 reddit
404 2587 438 2629 ac
457 2571 546 2631 refert
566 2571 665 2647 nobis,
688 2571 854 2632 sic-auferet
869 2588 969 2631 secum
983 2588 1086 2648 meque
1100 2577 1127 2628 et

89 2665 122 2717 10
130 2669 206 2714 novo
227 2654 331 2732 pariter
356 2663 384 2714 et
410 2657 536 2716 rescisso
559 2654 677 2715 vulnere
701 2654 830 2716 adiiciet.v
862 2654 1016 2732 Utramque
1042 2653 1126 2729 colui,

130 2748 277 2818 utramque
296 2737 396 2807 dilexi;
422 2746 510 2798 utram
527 2740 618 2817 magis
636 2740 752 2816 nescio,
773 2756 828 2798 nec
846 2737 971 2799 discerni
985 2736 1161 2799 volebantit

129 2822 292 2883 Habuerunt
307 2824 401 2883 oiiicia
416 2840 478 2884 mea
492 2825 520 2883 in
534 2821 678 2896 secundis,
695 2821 851 2883 babuerunt
860 2823 888 2880 in
903 2821 1043 2884 adversis.
1064 2819 1127 2898 ugo

130 2905 266 2965 solacium
286 2907 491 2987 relegatorum,
515 2924 570 2984 ego
585 2906 661 2965 ultor
674 2923 866 2975 reversarum3
889 2923 947 2966 non
962 2906 1022 2966 feci
1038 2914 1128 2965 umen

131 2988 223 3064 paria,
251 3001 335 3069 atque
357 3008 393 3052 eo
415 2994 504 3068 magis
525 2992 597 3050 hano
614 2991 700 3068 cupio
720 2992 842 3067 servari,
869 2998 899 3048 ut
913 2988 982 3050 mibi
1001 2986 1127 3050 solvendi

90 3081 122 3131 11
133 3078 260 3147 tempora
274 3078 427 3152 supersint.
459 3074 491 3134 ln
508 3075 551 3134 his
571 3091 647 3133 eram
665 3074 757 3151 curis,
787 3091 851 3134 oum
865 3073 1023 3135 scriberem
1035 3071 1071 3132 ad
1084 3080 1127 3138 te;

129 3170 200 3298 gualae
215 3155 240 3213 si
254 3155 324 3218 deus
339 3158 439 3237 aliquis
455 3162 482 3219 in
497 3159 627 3237 gaudium
641 3159 776 3237 verterit,
798 3158 833 3217 de
848 3166 925 3218 metu
944 3173 1002 3218 non
1017 3161 1163 3237 querenti

184 3257 210 3298 e.
1083 3266 1088 3275 .
