2400 3840
113 145 154 208 56
536 144 568 207 G.
591 145 688 206 PLlNl

113 317 159 358 me
173 317 208 359 an
222 298 326 377 aliquid
342 299 484 357 onriserirn
498 317 607 376 rursus,
624 307 653 358 et
667 316 766 359 rursus
781 317 874 379 paene
891 300 981 360 omisi.
1004 298 1114 360 Summo

114 385 159 444 die
176 381 286 442 Salvius
306 381 442 442 Liberalis
463 381 591 461 reliquos
608 382 718 460 legatos
732 385 857 462 graviter
870 383 1031 462 increpuit,
1050 394 1115 444 tam·

115 484 196 545 quam
210 483 266 525 non
282 483 380 526 ornnes
401 484 473 545 quos
494 465 653 527 mandasset
675 469 820 547 provincia
839 485 907 528 roos
923 470 1114 547 peregissent,

113 559 209 628 atque,
226 559 256 610 ut
273 559 317 610 cst
332 550 486 610 vehemens
503 560 530 610 et
546 549 679 629 disertus,
694 552 722 610 in
738 550 889 610 discrimen
904 550 1031 612 adduxit.
1052 550 1114 612 Pro-

113 634 171 695 texi
194 635 271 692 viros
288 635 409 711 optimos
427 633 602 712 eosdemque
618 635 809 712 gratissimos:
834 635 902 694 mihi
917 643 999 695 certe
1013 634 1136 696 deberc5

72 725 104 783 37
114 736 147 778 se
162 717 326 797 praedicant
350 720 426 797 quod
441 718 519 778 illurn
534 719 673 778 turbinem
688 720 838 780 evaserint.
872 718 926 780 Hic
943 721 999 780 erit
1014 721 1114 798 epistu-

113 800 159 862 lae
176 803 251 879 finis,
268 821 299 862 re
315 820 383 862 vera
400 804 476 870 fanis;
491 801 612 863 litteram
627 819 683 861 non
698 801 815 881 addam,
838 804 948 863 etiamsi
962 802 1055 863 adhuc
1068 802 1113 863 ali·

113 886 179 966 quid
193 887 365 966 praeterisse
380 904 425 945 me
442 903 569 946 sensero.
602 883 681 944 Vale.

596 1019 633 1079 X.

164 1120 190 1169 c.
210 1118 336 1170 naturus
356 1115 523 1169 vasantem
543 1117 726 1170 spuarnnnu
743 1117 803 1170 suo
823 1119 864 1169 uu
882 1117 1068 1173 corrasus,
1121 1054 1147 1106 ¹⁰

88 1238 103 1288 1
175 1218 380 1297 Composuisse
401 1236 447 1278 me
467 1220 603 1299 quaedam
625 1222 660 1282 de
681 1221 739 1283 filio
760 1231 858 1282 vestro
878 1235 936 1281 non
952 1220 1010 1282 dixi
1025 1221 1113 1298 vobis,

115 1322 179 1364 oum
193 1305 322 1383 proxime
337 1302 412 1381 apud
425 1321 479 1364 vos
494 1304 544 1380 fui,
563 1307 697 1384 primum,
715 1307 779 1385 quia
794 1322 850 1366 non
865 1304 932 1365 ideo
948 1307 1114 1384 scripseram

113 1398 144 1449 ut
155 1388 292 1467 dicerem,
310 1386 361 1447 sed
372 1397 401 1448 ut
414 1405 479 1448 meo
491 1391 588 1467 amori,
605 1406 669 1469 rogeo
682 1388 773 1450 dolori
785 1388 992 1468 satisfacerem,
1005 1387 1113 1462 deinde,

114 1476 178 1554 quia
193 1485 234 1552 te,
248 1474 403 1551 Spurinna,
419 1489 482 1531 cum
497 1471 625 1534 audisses
641 1476 780 1534 recitasse
794 1490 851 1551 me,
867 1482 898 1533 ut
911 1473 980 1534 mihi
995 1471 1146 1551 ipsedi-15

88 1560 191 1636 existi,
207 1556 274 1636 quid
288 1559 455 1616 recitassem
470 1556 551 1615 simul
565 1556 680 1618 audisse
696 1557 856 1618 credebam.
880 1555 1035 1617 Praeterea
1045 1557 1113 1615 veri·

113 1650 158 1701 tus
179 1658 239 1699 suun
260 1657 298 1699 ne
317 1657 371 1699 vos
392 1639 474 1699 festis
496 1638 595 1700 diebus
619 1641 840 1719 confunderem,
861 1642 886 1701 si
906 1641 936 1700 in
956 1640 1114 1700 memoriam

114 1725 273 1802 gravissimi
287 1723 380 1784 luctus
400 1723 587 1785 reduxissem.
620 1723 702 1784 Nunc
725 1742 838 1804 quoque
859 1724 1008 1803 paulisper
1027 1723 1114 1784 baesi-

114 1808 171 1868 tavi
186 1807 214 1865 id
228 1806 320 1866 solum
335 1806 411 1886 quod
426 1809 543 1869 recitavi
558 1810 697 1869 mitterem
713 1809 893 1886 exigentibus
904 1809 1001 1886 vobis,
1018 1827 1052 1869 an
1062 1805 1114 1868 adi·

89 1904 212 1959 acerem
230 1909 302 1970 quae
322 1893 350 1950 fn
371 1890 446 1951 aliud
466 1893 599 1952 volumen
621 1893 717 1971 cogito
734 1910 892 1952 reservare.
925 1891 1031 1972 Neque
1045 1893 1148 1952 enimttt

115 1973 273 2035 adfectibus
295 1977 366 2035 meis
387 1993 443 2036 uno
463 1975 563 2038 libello
585 1979 756 2038 carissimam
774 1977 891 2037 mibiet
914 1977 1115 2038 sanctissimam

113 2061 275 2121 memoriam
297 2063 432 2140 prosequi
455 2063 522 2120 satis
539 2069 600 2137 est,
623 2062 703 2121 cuius
724 2061 814 2121 famae
835 2059 919 2121 latius
941 2059 1114 2137 consuletur,
1177 2116 1181 2126 ,

88 2146 138 2212 asi
154 2143 315 2226 dispensata
337 2153 367 2205 et
387 2144 499 2223 digesta
520 2146 613 2205 fuerit.
644 2144 749 2206 Verum
770 2145 919 2205 haesitanti
940 2145 1008 2205 milri
1029 2144 1115 2204 omnia

114 2246 186 2308 quae
204 2232 257 2289 iam
273 2232 421 2306 composui
440 2228 523 2288 vobis
544 2228 727 2307 exhiberem,
748 2247 782 2289 an
803 2227 895 2289 adbuc
915 2227 1011 2309 aliqua
1026 2227 1114 2288 difler-

113 2330 191 2388 rem,
214 2312 370 2391 simplicius
393 2320 422 2371 et
443 2313 559 2372 amicius
579 2315 670 2372 visum
692 2322 736 2374 cst
751 2313 859 2390 omnia,
881 2314 1039 2392 praecipue
1055 2323 1149 2376 cumbi

88 2395 267 2463 aadfirmetis
282 2397 353 2455 intra
366 2412 419 2453 vos
434 2395 541 2474 futura,
564 2396 657 2457 donec
672 2396 786 2476 placeat
801 2398 940 2456 emittere.
972 2394 1057 2469 Quod
1072 2413 1114 2454 su·

114 2488 231 2558 pereat,
247 2496 319 2556 rogo
335 2487 364 2539 ut
379 2482 439 2558 pari
455 2481 652 2559 simplicitate,
669 2481 693 2540 si
709 2499 763 2560 qua
778 2480 976 2541 existimabitis
990 2478 1116 2542 addenda

88 2562 309 2630 scommatanda
325 2563 493 2641 omittenda,
516 2563 647 2626 indicetis
661 2565 736 2624 mihi.
768 2563 893 2624 Difficile
908 2572 954 2624 est
968 2563 1115 2641 hucusque

113 2647 261 2709 intendere
282 2649 400 2708 animum
421 2650 449 2708 in
471 2649 586 2718 dolore;
614 2648 746 2725 difficile,
769 2647 821 2708 sed
837 2658 929 2708 tamen
944 2657 976 2708 ut
993 2647 1116 2726 scalpto-

112 2750 189 2810 rem,
206 2743 235 2794 ut
250 2735 405 2812 pictorem,
430 2734 476 2811 qui
492 2732 540 2791 filii
555 2735 644 2792 vestri
664 2735 814 2810 imaginem
835 2732 963 2808 faceret,
985 2730 1151 2792 admone-ao

112 2820 182 2877 retis
199 2816 265 2897 quid
286 2820 462 2896 exprimere,
486 2815 551 2894 quid
568 2815 717 2876 emendare
734 2815 872 2894 deberet,
888 2818 927 2876 ita
941 2832 988 2875 me
1004 2833 1115 2894 quoque

113 2901 233 2962 formate
254 2904 364 2980 regite,
387 2902 433 2980 qui
449 2917 506 2959 non
521 2898 650 2977 fragilem
667 2910 695 2961 et
712 2898 845 2960 caducam
861 2898 913 2961 sed
929 2899 1115 2974 inmortalem,

113 2995 143 3045 ut
166 3002 217 3043 vos
239 2988 360 3063 putatia,
384 2984 510 3062 effigiem
531 2999 620 3043 conor
641 2984 774 3054 efficere;
798 3002 870 3064 quae
891 2985 947 3044 hoc
964 2981 1117 3045 diuturnior

114 3071 178 3145 erit,
196 3085 252 3146 quo
267 3070 363 3128 verior
377 3068 477 3128 melior
492 3066 647 3128 absolutior
660 3068 753 3129 fuerit.
786 3067 896 3129 Valete.

587 3200 627 3262 XI
1120 3158 1149 3214 dl

327 3303 355 3357 G.
374 3301 500 3355 PLlNlUS
516 3300 601 3353 IULIO
622 3302 773 3353 GENITORl
792 3301 898 3354 SUOS.

86 3424 99 3467 r
176 3402 228 3466 Est
244 3406 356 3466 omnino
370 3403 541 3465 Artemidori
556 3407 644 3463 nostri
659 3413 714 3464 tarn
729 3405 851 3482 benigna
866 3413 964 3465 natura
979 3413 1009 3465 ut
1024 3404 1113 3466 officia
