2400 3840
517 155 550 216 C.
573 153 669 215 PblNl

560 305 623 367 XX.

354 407 381 462 o.
401 405 525 459 numius
539 404 706 457 vnunronr
721 405 782 457 sno
799 404 826 456 e.

65 538 79 589 1
151 525 209 586 'lua
229 545 299 588 vero
328 525 453 606 epistula
475 536 551 587 tanto
573 525 640 584 milri
661 524 810 585 iucundior
829 525 881 586 luit
909 536 1015 603 quanto
1036 524 1095 585 lon·

88 611 153 687 gior
171 618 249 688 erat,
277 612 445 688 praesertim
470 627 533 670 cum
553 607 588 668 de
608 606 715 668 libellis
736 610 808 669 meis
829 617 890 669 tota
913 607 1095 687 loqueretur;

89 712 161 772 quos
177 694 227 755 tibi
240 694 378 773 voluptati
395 711 462 755 esse
480 710 536 752 non
549 694 652 768 miror,
669 709 734 752 cum
754 693 845 752 omnia
862 702 963 753 nostra
979 693 1117 773 perinde5

61 787 121 841 tac
135 796 188 839 nos
205 796 292 840 ames.
316 777 384 857 lpse
402 794 467 837 cum
487 777 605 836 maxime
627 775 798 853 vindemias,
813 770 952 854 'graciles
973 776 1093 854 quidem,

89 862 240 924 uberiores
254 873 348 924 tamen
363 879 445 941 qnam
459 870 697 939 expectaueram,
715 859 836 936 colligo;
854 860 879 921 si
894 859 1037 938 colligere
1054 870 1097 921 est

88 963 145 1007 non
160 963 310 1023 numquam
325 944 485 1023 decerpere
499 961 599 1021 uvam,
622 942 763 1004 torculum
776 945 921 1021 invisere,
944 944 1097 1022 degustare

90 1029 125 1089 de
140 1028 205 1088 lacu
220 1037 358 1105 mustum,
373 1028 515 1106 obrepere
531 1027 662 1104 urbanis,
682 1027 729 1104 qui
744 1044 817 1087 nunc
831 1028 949 1090 rusticis
964 1037 1096 1106 praesunt

88 1128 192 1187 meque
210 1113 326 1171 notariis
342 1120 370 1172 st
386 1109 544 1172 lectoribus
560 1109 744 1189 reliquerunt.
775 1109 857 1170 Vale.
1103 1115 1131 1167 lo

345 1355 372 1411 G.
390 1355 515 1406 PLINIUS
533 1259 710 1406 Sfflmmo
731 1353 791 1406 SUO
811 1353 838 1404 S.

63 1470 79 1522 1
152 1460 281 1521 Libertus
299 1470 380 1536 tuus,
401 1461 446 1519 cui
462 1477 634 1521 suscensere
648 1466 678 1518 tc
693 1457 822 1534 dixeras,
840 1456 921 1515 venit
936 1454 973 1516 ad
988 1472 1035 1516 me
1051 1455 1097 1516 ad·

89 1543 263 1623 volatusque
280 1544 401 1621 pedibus
419 1545 491 1603 meis
506 1553 646 1622 tamquam
660 1543 716 1602 tuis
730 1541 830 1601 haesit.
861 1538 957 1600 Flevit
970 1539 1097 1618 multum,
1106 1554 1133 1606 15

89 1626 206 1686 multum
222 1629 344 1703 rogavit,
360 1626 477 1686 multum
493 1629 575 1687 etiam
590 1627 693 1701 tacuit,
709 1626 737 1684 in
752 1641 875 1701 summa,
899 1623 971 1683 iecit
986 1625 1055 1684 mihi
1069 1626 1097 1684 li·

91 1709 154 1767 dem
169 1710 370 1785 paenitentiae.
399 1708 476 1769 Vere
493 1709 581 1769 credo
597 1709 790 1785 emendatum,
812 1708 877 1786 qnia
891 1705 1052 1786 deliquisse
1066 1726 1097 1768 se

63 1792 185 1852 asentit.
204 1789 353 1869 Irasceris,
369 1793 442 1868 scio,
459 1801 488 1852 et
505 1792 639 1852 irasceris
650 1794 762 1870 merito,
777 1790 807 1851 id
821 1808 937 1870 quicque
952 1793 1032 1853 scio:
1046 1791 1097 1851 sed

89 1882 155 1932 tunc
172 1875 324 1954 pmecipua
340 1876 561 1938 mansuetudinis
582 1876 661 1954 laus,
685 1893 749 1936 cnm
767 1877 826 1935 irae
842 1893 930 1935 causa
944 1876 1098 1936 iustissima

63 1963 143 2018 dest.
159 1957 268 2019 Amasti
282 1959 424 2021 hominem
439 1970 479 2036 et,
491 1977 590 2040 spero,
607 1961 712 2021 mnabis
723 1981 729 2019 :
742 1960 853 2019 interim
864 1958 974 2019 suflicit
984 1967 1015 2018 ut
1030 1965 1135 2020 exo-to

89 2043 144 2101 rari
158 2051 186 2102 te
202 2044 286 2104 sinus.
314 2043 424 2105 Licebit
437 2062 535 2107 rursus
546 2045 648 2122 irasci,
663 2047 688 2105 si
703 2043 852 2120 meruerit,
870 2043 948 2121 quod
964 2053 1098 2114 exoratus

89 2128 251 2187 excusatius
263 2127 363 2188 facies.
384 2127 507 2190 Remitte
522 2127 627 2208 aliquid
640 2126 852 2189 adulescentiae
868 2127 973 2204 ipsius,
985 2129 1096 2188 remitte

91 2206 231 2286 lacrimis,
253 2213 365 2271 remitte
379 2211 570 2289 indulgentiae
585 2220 665 2271 tuae:
686 2229 723 2271 ne
738 2211 858 2271 torseris
873 2208 971 2288 illnm,
988 2230 1026 2272 ne
1040 2220 1097 2271 tor·

63 2294 163 2350 aseris
180 2294 264 2352 etiam
277 2303 316 2352 te.
335 2291 489 2372 Torqueris
506 2295 606 2372 enim?
620 2312 683 2354 cum
704 2302 759 2353 tam
773 2293 848 2354 lenis
863 2294 1009 2357 irasceris·
1041 2294 1098 2354 Ve-

89 2391 156 2432 reor
170 2393 206 2434 ne
223 2374 321 2433 videar
334 2393 391 2436 non
405 2396 508 2455 rogare
523 2378 575 2438 sed
590 2395 714 2454 cogere,
737 2379 762 2438 si
781 2376 918 2457 precibus
934 2380 998 2438 eius
1018 2385 1134 2439 messit

89 2456 216 2516 iunxere.
238 2456 354 2534 iungam
368 2470 461 2522 tamen
477 2470 554 2521 tanto
565 2461 676 2539 plenius
692 2471 721 2522 et
736 2460 865 2537 edusius,
881 2470 988 2539 quanto
1004 2464 1098 2542 ipsum

91 2540 184 2598 aerius
203 2544 391 2622 severiusque
412 2545 553 2622 corripui,
577 2543 716 2606 destricte
735 2546 856 2606 minatus
878 2563 1031 2622 numquam
1051 2563 1097 2606 me

90 2632 193 2698 postea
206 2635 378 2702 rogaturum.
410 2626 473 2687 lloc
494 2626 552 2704 illi,
569 2644 653 2705 quem
669 2629 772 2688 terreri
786 2629 956 2706 oportebat,
974 2631 1027 2690 tibi
1040 2647 1098 2705 non

89 2705 173 2767 idem.
192 2708 262 2769 Nam
273 2709 395 2771 fortasse
407 2713 507 2771 iterum
518 2711 640 2788 rogabo,
655 2712 814 2790 impetrabo
827 2713 946 2774 iterum:
962 2715 1001 2775 sit
1012 2713 1097 2775 modo

87 2788 144 2849 tale
159 2802 189 2853 ut
203 2812 306 2871 rogare
321 2811 378 2873 me,
395 2805 425 2855 ut
439 2803 585 2874 praestare
601 2803 630 2853 te
646 2793 757 2856 deceat.
790 2793 872 2854 Vale.
1103 2810 1135 2862 30

367 3038 393 3087 G.
413 2938 683 3088 PLINIUSXSJPIVERO
704 3036 764 3090 SUO
782 3039 808 3090 S.

63 3133 78 3184 l
147 3128 248 3209 lllagna
262 3151 307 3196 me
323 3136 511 3199 sollicitudine
527 3136 634 3198 adiecit
647 3135 784 3198 Passenni
803 3139 894 3201 Paulli
911 3143 1052 3223 valitudo,
1068 3152 1096 3204 et

88 3210 202 3284 quidem
215 3215 341 3294 plurimis
356 3222 574 3299 iustissimisque
590 3219 626 3279 de
642 3222 745 3279 causis.
764 3221 816 3282 Vir
828 3234 874 3285 est
889 3229 1028 3306 optimus,
1045 3228 1133 3292 bost

86 3297 280 3375 nestissimus,
298 3304 388 3361 nostri
402 3307 620 3370 amantissimum
643 3310 793 3378 praeterea
814 3308 842 3366 in
857 3307 962 3371 litteris
977 3322 1096 3375 veteres

87 3378 253 3461 aemulatur,
272 3386 413 3463 exprimit,
429 3386 531 3464 reddit,
543 3385 721 3462 Propertium
732 3387 761 3444 in
772 3391 881 3468 primis,
902 3410 989 3474 aquo
1002 3414 1095 3474 genus
