2400 3840
86 197 147 282 roc
514 189 548 253 c
570 189 668 252 rum

84 351 174 426 ribus,
190 356 220 406 ut
223 345 375 426 ,quamvis
390 343 458 404 nihil
475 346 620 422 ceperim,
635 362 692 405 non
709 342 778 404 nihil
794 341 926 402 referem.
962 341 1052 404 Datur
1068 351 1094 404 et

86 432 207 509 colonis,
223 440 254 490 ut
263 428 397 490 ridetur'
388 430 471 509 rpsis,
486 446 544 489 non
558 430 626 490 satis
637 429 787 508 temporis,
800 413 922 506 qnor'um
933 426 1003 488 milri
1016 445 1093 507 egre·

85 527 146 578 stes
162 514 310 595 querellae
324 512 435 575 litteras
455 522 567 573 nostres
586 522 614 572 et
634 512 708 575 haec
727 513 834 573 urbane
848 527 940 590 opera
956 528 1094 573 commen-

86 600 161 662 dant.
194 598 276 660 Vale.

517 678 663 740 XXXVII.
1104 675 1118 727 ⁵

367 780 394 831 (l.
411 778 535 832 PLINIUS
549 778 689 831 PAULINO
707 777 769 831 SUO
787 775 815 830 S.

62 892 77 944 1
150 885 213 947 Nec
228 895 293 946 tuae
309 892 423 944 naturae
439 893 484 945 est
498 881 669 943 translaticia
682 881 755 944 haec
771 889 800 941 et
814 883 895 962 qnasi
911 881 1027 960 publica
1037 881 1095 942 oli·

88 972 132 1031 cia
148 988 165 1030 a
183 969 366 1029 familiaribus
385 968 482 1028 amicis
500 975 599 1026 contra
618 967 744 1045 ipsorum
766 965 947 1026 commodum
968 967 1096 1044 exigere,

27 1075 29 1078 ⁴
88 1062 117 1115 et
132 1069 188 1130 ego
203 1063 232 1113 te
257 1052 431 1112 constantius
452 1066 515 1109 amo
539 1067 622 1127 quarn
643 1059 674 1110 ut
692 1066 794 1110 verear
813 1068 850 1110 ne
867 1049 997 1111 aliterac
1012 1048 1099 1110 velim

86 1136 231 1214 accipias,
251 1136 305 1196 nisi
326 1145 356 1195 te
371 1131 506 1194 Kalendis
524 1135 617 1194 statim
634 1132 783 1194 consulem
796 1132 912 1204 videro;
929 1135 1141 1213 praesertimlo

88 1237 153 1280 cum
166 1237 212 1280 me
229 1220 389 1280 necessitas
403 1216 586 1279 locandorum
602 1217 782 1296 praediorum
800 1216 900 1297 plures
918 1234 1009 1281 annos
1026 1217 1099 1278 ordi·

62 1310 186 1368 tactura
200 1303 342 1381 detineat,
365 1304 393 1362 in
409 1321 464 1381 qua
484 1301 550 1362 mihi
564 1318 638 1362 nova
653 1300 772 1363 consilia
782 1301 918 1363 sumenda
929 1311 1006 1363 sunt.
1029 1300 1100 1362 Nam

88 1390 185 1468 priore
207 1387 317 1466 lustro,
346 1404 513 1467 quamquam
533 1393 601 1466 post
619 1403 735 1465 magnas
756 1386 961 1465 remissiones,
988 1386 1100 1465 reliqua

89 1482 258 1535 creverunt:
272 1471 338 1533 inde
355 1471 502 1551 plerisque
517 1469 616 1530 nulla
607 1489 661 1530 ram
674 1489 742 1530 eura
756 1471 899 1532 urinuendi
914 1471 991 1533 aeris
1003 1471 1098 1549 alieni,

89 1556 166 1637 quod
187 1556 340 1638 desperant
360 1574 449 1635 posse
471 1553 614 1656 persolvi;
636 1556 762 1635 rapiunt
768 1556 852 1617 etiam
869 1565 1098 1635 consumuntque
1108 1563 1140 1617 15

62 1639 167 1719 squod
182 1649 277 1699 natum
292 1647 347 1715 est,
365 1648 396 1699 ut
412 1640 460 1720 qui
475 1641 529 1699 iam
541 1647 642 1740 putent
652 1659 686 1700 se
698 1657 755 1699 non
769 1636 825 1701 sihi
836 1656 968 1718 parcere.
991 1639 1100 1702 Occur-

88 1721 208 1785 rendum
223 1740 294 1822 ergo
315 1723 539 1799 augescentibus
555 1724 631 1784 vitiis
650 1733 680 1785 ct
693 1722 862 1784 medendum
878 1733 934 1786 cst
965 1723 1100 1785 Medendi

89 1823 143 1865 una
157 1806 243 1883 ratio,
259 1807 353 1865 sinon
367 1823 479 1866 nummo
497 1805 549 1868 sed
564 1807 691 1900 partibus
708 1806 803 1868 locem
815 1825 849 1869 oc
864 1807 968 1869 deinde
980 1827 1018 1869 ex
1029 1810 1099 1870 meis

88 1889 201 1968 aliquos
217 1891 315 1969 operis
334 1900 485 1952 exactores
504 1884 640 1953 custodes
655 1891 795 1953 tractibus
811 1895 931 1972 ponam;
950 1900 980 1952 et
993 1889 1100 1972 alioqui

84 1973 196 2034 nullum
216 1976 316 2036 iustius
336 1993 428 2054 genum
445 1975 555 2036 reditus
579 1993 661 2054 quam
681 1975 758 2055 quod
779 1985 855 2037 terra
876 1977 988 2038 eaelum
1010 1977 1142 2039 annus2⁰

59 2058 190 2119 urclcrt.
222 2058 267 2119 Ad
282 2059 339 2120 hoc
352 2078 480 2139 magnam
496 2059 595 2138 fidem,
618 2078 701 2121 acres
719 2059 839 2137 oculos,
859 2079 1029 2124 numerosas
1043 2080 1099 2121 ma-

89 2162 142 2204 nus
155 2147 265 2222 poscit:
273 2143 487 2244 experiundum
502 2153 595 2205 temen
607 2153 637 2205 et
651 2147 732 2223 quasi
746 2147 776 2205 in
789 2146 882 2207 veteri
896 2146 997 2207 morbo
1012 2164 1098 2225 quae·

62 2227 160 2288 slilret
183 2228 345 2289 mutationis
368 2228 471 2289 auxilia
492 2227 655 2307 temptanda
669 2239 744 2290 sunt.
775 2228 865 2291 Vides
880 2248 964 2308 quam
978 2249 1035 2299 non
1050 2230 1098 2290 de·

89 2310 173 2370 licata
195 2328 241 2370 mc
260 2327 345 2372 causa
363 2313 443 2374 obire
464 2314 584 2393 primum
604 2312 768 2376 consulatus
788 2315 830 2375 tui
844 2313 920 2374 diem
937 2331 995 2375 non
1010 2317 1097 2382 sinat,-

88 2411 173 2535 quicqu
188 2402 281 2538 tqmen
297 2394 345 2455 hic
369 2412 485 2475 quoquc
496 2408 526 2457 ut
537 2415 676 2475 praesens
688 2399 764 2459 votis
784 2387 887 2472 gaudm
900 2393 1140 2481 gratulationem

87 2492 151 2536 cce
172 2494 242 2539 reo
295 2479 374 2541 Vale

511 2575 669 2638 xxxvsst.

344 2671 371 2726 c.
390 2670 516 2724 numios
536 2674 717 2728 sarcasmo
738 2676 797 2728 suo
815 2673 842 2730 c.

147 2775 212 2854 llgo
229 2795 300 2838 vero
315 2776 421 2837 Rufum
437 2789 566 2840 nostrum
579 2781 682 2859 laudo,
703 2798 761 2842 non
781 2785 848 2861 quia
867 2789 897 2841 tu
915 2790 946 2841 ut
967 2783 1005 2842 ita
1020 2782 1085 2842 iace

87 2879 147 2935 rem
162 2863 278 2941 petisti,
303 2862 356 2924 sed
377 2863 442 2941 quia
463 2873 509 2925 est
522 2865 572 2926 ille
591 2865 782 2966 dignissimus.
814 2865 885 2944 Legi
903 2867 979 2927 eninr
996 2865 1140 2928 librum30

88 2945 216 3005 omnihus
230 2950 355 3008 numeris
369 2947 541 3027 absolutum,
560 2969 606 3010 cur
598 2950 739 3013 multum
752 2949 827 3030 apud
841 2969 888 3011 me
899 2952 1009 3030 gutiae
1021 2968 1098 3011 amor

87 3027 179 3103 ipsius
200 3028 314 3090 adiecit.
344 3030 470 3093 Iudicavi
490 3042 594 3094 tamen
627 3033 730 3115 Neque
745 3036 819 3097 enim
837 3034 892 3096 soli
907 3035 1034 3097 iudicant
1049 3037 1096 3115 qui

87 3109 211 3189 maligno
227 3113 338 3192 legunt.
369 3115 449 3176 Vale.
819 3152 820 3156 =

504 3250 677 3314 xxxvltlt.

375 3351 402 3402 c.
422 3352 550 3406 aurnuns
566 3351 686 3405 musmo
702 3352 762 3406 sno
779 3352 806 3404 S.

66 3449 81 3500 l
145 3445 334 3530 Haruspicum
361 3453 467 3513 monitu
485 3453 642 3517 reficienda
662 3463 708 3516 est
729 3454 797 3516 mihi
817 3453 905 3517 aedes
930 3453 1048 3520 Cereris
1070 3458 1098 3516 in

1105 3297 1135 3352 et
