2400 3840
114 161 176 226 lot
543 156 577 219 G.
598 156 696 219 PLINI

112 317 192 390 iuvit,
207 331 270 373 cnm
285 320 401 373 senatus
412 320 458 371 ant
471 310 506 370 ad
518 311 605 370 otium
623 328 759 370 summum
773 319 822 371 ant
838 309 875 371 ad
889 329 1030 372 smmum
1043 313 1118 374 nefas

111 407 264 458 vocaretur
286 406 315 457 et
338 394 422 455 modo
444 394 567 455 ludibrio
588 396 673 455 modo
696 393 789 455 dolori
816 404 948 457 retentus
974 414 1120 475 numquam

88 483 199 559 boaria,
220 482 310 542 tristia
326 497 415 558 saepe
433 475 586 540 censeret?
608 477 716 538 Eadem
732 477 805 539 mala
819 479 874 538 iam
889 490 1053 557 senatores,
1069 483 1120 542 iam

112 566 269 645 participes
293 563 428 624 malornm
459 563 563 623 multos
590 580 644 641 per
671 580 759 623 annos
787 561 911 625 vidimus
933 564 1118 643 tulimusque;

112 652 214 729 quibus
229 650 342 727 ingenia
357 657 454 711 nostra
468 650 495 706 in
512 655 657 727 posterum
676 664 791 726 quoque
805 646 943 708 hebetata
954 647 1045 722 fracta
1057 661 1140 712 con-5

69 745 103 798 10
112 744 175 795 tusa
192 744 266 795 snnt.
288 733 381 794 Breve
395 742 506 811 tempus
522 732 599 811 (nam
611 739 690 791 tanto
706 731 822 790 brevius
839 748 923 791 omne
940 743 1047 811 quanto
1059 733 1118 793 feli·

112 819 174 880 cins
188 819 335 898 tempus),
351 835 407 896 quo
422 816 493 876 libet
507 817 582 876 scire
599 814 666 893 quid
681 815 786 893 simus,
801 814 873 875 libet
887 833 1031 878 exercere
1046 817 1118 896 quod

111 921 216 964 sumus.
261 901 324 975 Quo
347 903 447 962 iustius
463 909 549 978 peto,
565 901 685 978 primum
705 908 736 959 ut
758 899 865 977 errori,
891 901 917 959 si
935 902 1001 978 quis
1016 911 1062 962 est
1076 919 1117 961 er·

109 1004 173 1063 ror,
191 987 295 1046 tribuas
308 986 437 1060 veniam,
453 981 556 1042 deinde
571 983 712 1044 medearis
728 983 850 1044 scientia
864 991 925 1061 tua,
942 987 990 1044 cui
1006 1002 1119 1065 semper

109 1070 161 1129 fuit
178 1087 261 1128 curae
282 1069 325 1129 sio
345 1069 404 1126 iura
420 1065 578 1144 publicant
598 1067 723 1146 privata,
742 1068 784 1128 sic
804 1067 920 1146 antiqua
934 1077 966 1128 nt
981 1070 1118 1148 recentia,
1126 1082 1150 1136 lt

67 1168 101 1221 11
111 1153 154 1213 sic
174 1170 236 1211 rara
258 1161 288 1210 ut
308 1150 420 1212 assidua
440 1159 571 1212 tractare.
607 1151 711 1230 Adque
735 1168 793 1229 ego
813 1150 937 1211 arbitror
953 1151 1013 1214 illis
1036 1155 1117 1214 etiam

110 1237 212 1316 quibus
225 1237 406 1316 plurimarum
420 1251 514 1295 rernm
529 1236 646 1312 agitatio
661 1236 797 1313 frequens
814 1234 883 1294 nibil
900 1255 971 1297 esse
991 1237 1117 1314 ignotum

108 1321 267 1400 patiebatur
285 1340 377 1400 genus
396 1321 571 1400 quaestionis
591 1319 668 1399 quod
691 1319 789 1380 adfero
812 1317 847 1379 ad
866 1328 897 1379 te
913 1329 1034 1381 autnon
1050 1323 1116 1383 satis

107 1407 201 1466 tritum
217 1417 262 1467 ant
278 1407 361 1466 etiam
372 1408 551 1484 inexpertum
566 1404 666 1465 fuisse.
698 1402 763 1463 Hoc
778 1411 807 1463 et
822 1420 879 1481 ego
895 1406 1078 1483 excusatior,
1093 1406 1116 1465 si

108 1488 183 1550 forte
199 1508 260 1550 sum
271 1490 387 1569 lapsus,
410 1500 439 1549 et
454 1499 484 1549 tu
497 1489 609 1565 dignior
623 1487 724 1566 laude,
747 1489 771 1546 si
787 1496 872 1566 potes
888 1486 918 1547 id
934 1506 1052 1570 qnoque
1069 1489 1152 1550 doli

66 1584 99 1636 12
107 1591 174 1633 cere
193 1575 268 1652 qnod
280 1576 307 1633 in
320 1574 445 1633 obscuro
461 1582 507 1633 est
521 1592 556 1633 an
574 1572 716 1632 didiceris.
745 1570 938 1632 Referebatur
954 1571 991 1634 de
1006 1572 1114 1634 libertis

105 1656 204 1715 Afrani
221 1657 321 1715 Dextri
338 1656 476 1732 consulis,
492 1657 630 1716 incertum
646 1674 696 1717 sua
709 1674 744 1716 an
759 1673 875 1716 suorum
887 1673 983 1736 mann,
1001 1658 1115 1719 scelere

105 1757 140 1798 an
161 1738 300 1816 obsequio
322 1741 474 1818 perempti.
509 1738 569 1799 llos
584 1739 656 1801 alius
671 1736 806 1820 (quisi’
828 1740 939 1819 inquis:
965 1760 1039 1820 ego:
1063 1740 1115 1802 sed

104 1820 173 1880 nihil
186 1821 290 1901 refert)
302 1833 370 1902 post
385 1824 581 1902 quaestionem
598 1824 740 1905 supplicio
755 1823 930 1903 liberandos,
947 1824 1020 1887 alins
1035 1826 1064 1886 in
1075 1827 1113 1886 in·

105 1905 194 1966 sulam
209 1905 391 1986 relegandos,
407 1907 478 1968 alius
493 1917 583 1968 morte
600 1906 759 1987 puniendos
770 1909 966 1969 arbitrabatur.
991 1909 1152 1984 Qunmno

105 1993 306 2053 sententiarum
320 2002 396 2054 tanta
408 1993 556 2054 diversitas
570 2003 630 2054 erat
646 2003 677 2054 ut
691 2010 748 2052 nou
764 2001 884 2072 possent
900 2012 970 2054 esse
987 1995 1042 2057 nisi
1058 1994 1113 2055 sin·

62 2084 95 2138 13
105 2075 198 2154 gulae.
233 2077 306 2151 Quid
323 2080 396 2139 enim
414 2096 561 2138 commune
573 2077 658 2138 habet
675 2077 810 2138 occidere
828 2087 857 2138 et
876 2076 1034 2156 relegare?
1058 2096 1114 2139 non

104 2159 228 2222 Hercule
250 2164 340 2239 magis
360 2180 442 2241 quam
461 2162 595 2240 relegare
617 2171 646 2221 et
668 2160 838 2222 absolvere:
863 2178 1034 2241 quamquam
1047 2180 1113 2243 pro·

54 2249 58 2257 '
103 2247 167 2323 pior
191 2244 333 2323 aliquanto
356 2256 401 2305 est
421 2247 579 2307 sententiae
598 2244 755 2324 relegantis
778 2263 852 2324 quae
878 2246 1005 2308 absolvit
1032 2265 1113 2327 quam

104 2345 175 2405 qnae
197 2328 315 2397 occidit;
338 2338 457 2408 utraque
476 2333 549 2390 enim
564 2349 602 2390 ex
620 2329 676 2393 illis
691 2330 775 2390 vitam
789 2328 941 2409 relinquit,
968 2331 1042 2392 haec
1055 2332 1148 2396 adi-fi

103 2410 167 2469 mit:
184 2429 247 2470 cum
262 2413 373 2472 interim
388 2417 477 2493 etqui
493 2425 583 2475 morte
598 2414 752 2494 puniebant
766 2423 796 2474 et
813 2415 860 2493 qui
873 2413 1045 2493 relegabant
1059 2433 1113 2476 una
1149 2486 1154 2496 Ι

102 2493 240 2556 sedebant
256 2506 285 2557 et
303 2500 471 2578 temporaria
492 2496 669 2560 simulatione
684 2496 857 2558 concordiae
871 2497 1046 2560 discordiam
1059 2499 1111 2560 dif-

60 2577 243 2646 14ferebant.
276 2580 341 2661 Ego
362 2582 540 2663 postulabam
559 2591 589 2640 ut
608 2582 696 2643 tribus
715 2583 863 2645 sententiis
880 2592 1029 2646 constaret
1043 2602 1112 2646 suus

100 2683 251 2744 numerus,
268 2685 323 2727 nec
339 2686 371 2728 se
387 2667 522 2727 brevibus
534 2665 648 2726 indutiis
666 2665 737 2727 duae
753 2667 915 2745 iungerent.
950 2667 1112 2747 Exigebam

101 2768 172 2830 ergo
188 2762 218 2813 nt
234 2752 281 2832 qni
300 2751 412 2830 capitali
427 2749 570 2830 supplicio
587 2749 762 2810 adliciendos
778 2752 913 2830 putabant
925 2751 1149 2823 discederentao

99 2850 115 2893 a
128 2835 288 2915 relegante,
301 2856 357 2898 nec
371 2836 482 2897 interim
499 2845 596 2897 contra
608 2834 783 2897 absolventis
794 2851 860 2895 mox
871 2834 1032 2898 dissensuri
1044 2855 1110 2898 con-

99 2929 297 2999 gregarentur,
315 2922 378 3000 quia
390 2919 538 2999 parvolum
552 2919 674 2980 referret
690 2938 724 2979 au
739 2918 814 2980 idem
825 2917 995 2999 displiceret
1007 2922 1110 3002 quibos

58 3008 91 3061 15
99 3017 156 3060 non
171 3002 246 3062 idem
258 3004 425 3083 placuisset.
449 3003 521 3064 lllnd
537 3005 620 3065 etiam
632 3004 698 3063 milri
714 3004 867 3082 permirum
880 3005 1035 3066 videbatur
1045 3023 1110 3068 eum

99 3083 213 3162 quidem
235 3089 283 3166 qui
304 3088 424 3150 libertos
438 3087 629 3167 relegandos,
652 3106 754 3149 servos
770 3088 914 3168 supplicio
930 3088 1107 3152 adliciendos

25 3182 64 3195 ···
99 3171 260 3231 censuisset
279 3180 408 3232 coactum
424 3190 492 3234 esse
508 3172 634 3233 dividere
650 3172 837 3250 sententiam,
860 3171 937 3234 bunc
951 3183 1048 3234 autem
1061 3175 1146 3253 quibit

97 3249 216 3315 libertos
232 3263 323 3314 morte
339 3256 470 3318 multaret
486 3274 549 3316 cnm
565 3255 714 3334 relegante
728 3256 879 3315 numerari.
900 3255 973 3318 Nam
984 3259 1009 3319 si
1022 3276 1108 3338 opor·

97 3335 198 3399 tuisset
214 3338 299 3397 dividi
317 3341 484 3401 sententiam
500 3341 594 3418 nnius,
608 3342 673 3419 quia
686 3357 734 3400 res
749 3340 817 3399 duas
831 3340 1106 3421 comprehendebat,

91 3434 152 3478 non
168 3421 351 3503 reperiebam
367 3423 605 3506 quemadmodum
622 3433 726 3506 posset
735 3423 817 3501 iungi
828 3425 973 3484 sententia
986 3424 1107 3487 duorum
