2400 3840
344 208 609 272 PANEGYRICUS
629 222 673 275 20.
685 221 731 275 21.
741 221 784 275 22.
797 219 842 274 23.
1038 209 1101 275 251

95 364 172 426 mus!
200 363 312 425 Nomen
328 362 415 443 illud,
434 364 511 443 quod
525 363 572 424 alii
586 365 677 442 primo
693 365 785 424 statim
798 364 972 443 principatus
988 363 1055 442 die,
1069 374 1100 426 ut

95 450 273 526 imperatoris
295 456 324 508 et
341 444 489 523 Caesaris,
517 457 706 526 receperunt,
731 455 761 506 tu
783 465 876 526 usque
896 465 933 509 eo
955 447 1100 526 distulisti,

96 532 189 593 donec
203 541 233 592 tu
248 550 379 611 quoque,
396 530 599 592 beneficiorum
611 541 722 591 tuorum
734 532 917 609 parcissimus
927 533 1100 611 aestimator,

95 617 150 676 iam
163 626 193 677 tc
207 617 311 677 mereri
325 614 468 676 fatereris.
488 615 588 694 ltaque
602 614 659 676 soli
673 616 796 675 omnium
810 616 929 692 contigit
943 616 994 675 tibi
1010 624 1041 676 ut
1052 635 1101 695 pa·
1182 651 1187 660 ·

70 709 142 759 oter
158 702 266 780 patriae
280 718 364 761 esses
378 707 444 759 ante
460 717 542 778 qnam
557 699 652 760 lieres.
672 698 743 759 liras
760 699 834 757 enim
848 700 1004 776 inanimis,
1019 700 1048 758 in
1058 701 1100 758 in·

98 784 179 844 diciis
203 786 325 860 nostris,
352 801 408 843 nec
429 782 564 861 publicae
584 784 697 862 pietatis
718 784 853 842 intererat
868 783 935 861 quid
949 799 1100 860 vocarerc,

96 869 151 927 nisi
169 867 245 946 quod
258 870 366 946 ingrata
381 865 436 926 sibi
449 866 614 944 ridebatur,
641 868 666 927 si
679 877 709 927 te
722 868 924 945 imperatorem
938 868 1034 944 potius
1050 883 1101 926 vo·

97 959 177 1011 caret
188 961 217 1011 et
232 947 402 1028 Gaesarem,
419 969 483 1010 cum
494 960 604 1030 patrem
618 951 806 1030 experiretur.
828 948 911 1023 Quod
925 949 1039 1028 quidem
1051 967 1102 1010 no·

97 1053 161 1093 meu
177 1053 231 1114 qna
249 1034 439 1113 benignitate,
456 1053 510 1114 qua
525 1033 699 1113 indulgentia
712 1033 850 1095 exerces!
865 1043 896 1094 ut
912 1052 975 1095 cum
991 1033 1101 1094 civibus

57 1120 153 1178 lotuis
175 1120 254 1197 quasi
277 1137 340 1179 cum
361 1118 461 1181 liberis
480 1135 584 1198 parens
609 1117 696 1180 vivis!
721 1127 753 1178 ut
779 1135 913 1178 reversus
936 1120 1100 1196 imperator,

97 1203 144 1278 qui
159 1204 284 1279 privatus
299 1205 431 1280 exieras,
445 1204 596 1280 agnoscis,
611 1201 793 1280 agnosceris!
809 1201 937 1263 Eosdem
946 1218 1017 1280 nos,
1033 1220 1102 1261 eun·

97 1285 161 1343 dem
176 1293 205 1343 te
221 1295 320 1362 putas,
336 1302 386 1363 par
400 1286 548 1362 omuibus,
565 1295 595 1346 et
608 1286 665 1346 boc
681 1295 785 1346 tantum
802 1287 907 1346 ceteris
921 1286 1009 1344 maior
1024 1284 1100 1364 quod
1168 1320 1172 1331 ι

98 1366 208 1427 melior.
252 1365 297 1426 Ae
318 1369 453 1445 primurn,
475 1370 523 1445 qni
543 1367 605 1428 dies
623 1367 672 1429 ille
694 1386 750 1446 quo
768 1376 938 1447 expectatus
955 1356 1152 1428 desidera-22
1165 1378 1186 1405 *⁶

97 1461 202 1529 tusque
221 1452 320 1511 urbem
335 1460 411 1510 tuam
425 1453 574 1528 ingressus
596 1450 644 1511 es!
676 1449 734 1510 lam
753 1450 810 1510 hoe
831 1453 940 1529 ipsum,
968 1452 1045 1529 quod
1060 1453 1100 1510 in·

58 1537 89 1590 15
97 1553 216 1612 gressus
231 1553 279 1612 es,
297 1553 380 1613 qnam
392 1536 492 1594 mirum
504 1533 680 1612 laetumque!
700 1533 771 1593 Nam
784 1536 895 1613 priores
910 1533 1005 1594 invehi
1020 1543 1049 1594 et
1060 1534 1101 1594 in·

96 1620 202 1696 portari
213 1617 359 1695 solebant,
372 1636 429 1678 non
441 1618 505 1678 dico
516 1617 683 1698 quadriiugo
697 1636 780 1678 curru
793 1626 823 1678 et
833 1617 993 1679 albentibus
1006 1618 1101 1696 equis,

97 1701 151 1762 sed
166 1704 270 1763 unsaris
287 1703 441 1779 bominum,
458 1701 534 1782 quod
551 1700 733 1781 adrogantius
748 1711 818 1762 erat.
839 1701 880 1761 Tu
895 1701 958 1762 sola
970 1705 1101 1780 corporis

98 1787 270 1864 proceritate
291 1786 393 1847 elatior
408 1786 471 1847 aliis
489 1794 519 1846 et
532 1786 693 1864 excelsior,
719 1804 775 1846 nou
797 1786 833 1846 de
852 1787 986 1865 patientia
1004 1796 1102 1846 nostra

98 1869 236 1948 quendam
250 1869 437 1950 triumphum,
459 1869 511 1930 sed
524 1869 560 1930 de
572 1871 705 1949 superbia
722 1872 881 1949 principum
896 1871 992 1947 egisti.
1021 1867 1100 1948 Ergo

54 1965 89 2018 20
98 1970 154 2013 non
167 1964 246 2015 aetas
263 1972 448 2032 quemquam,
470 1971 527 2013 non
541 1953 690 2030 valetudo,
706 1971 763 2013 nou
775 1972 861 2013 sexus
876 1953 1029 2014 retardavit
1044 1970 1100 2033 quo

96 2038 186 2097 miuus
203 2037 306 2098 oculos
319 2036 435 2098 insolito
447 2037 615 2115 spectaculo
629 2036 763 2116 inpleret.
785 2035 826 2097 'le
841 2035 950 2114 parvuli
965 2053 1099 2112 noscere,

97 2129 243 2181 ostentare
261 2123 399 2200 iuuenes,
424 2121 516 2180 mirari
537 2139 640 2191 senes;
664 2123 744 2198 aegri
760 2137 875 2199 quoque
891 2119 1028 2196 neglecto
1042 2136 1101 2179 mc·

98 2204 221 2264 dentium
240 2205 360 2282 imperio
381 2204 416 2264 ad
435 2213 622 2283 conspectum
636 2206 693 2283 tui,
721 2206 800 2283 quasi
814 2203 850 2264 ad
865 2202 985 2264 salutern
1000 2204 1101 2263 sanita·

96 2297 213 2366 temque
227 2305 395 2367 prorepere.
429 2287 498 2349 lnde
513 2287 560 2349 alii
574 2308 606 2350 se
620 2289 689 2349 satis
703 2290 810 2348 vixisse
825 2297 854 2347 te
867 2287 946 2364 viso,
975 2295 1004 2346 te
1018 2305 1117 2347 rece··

54 2384 88 2435 25
98 2381 166 2450 pto,
196 2372 243 2431 alii
263 2391 338 2432 nunc
359 2374 448 2450 magis
467 2390 534 2433 esse
556 2374 708 2433 vivendum
723 2371 932 2451 praedicabant.
970 2369 1101 2431 Feminae

98 2456 263 2517 etiamtunc
281 2456 461 2518 fecunditatis
477 2475 545 2517 suae
559 2459 676 2517 maxima
690 2455 823 2534 voluptas
839 2454 940 2533 subiit,
958 2454 1022 2514 cum
1038 2472 1100 2514 eer-

97 2550 199 2600 nerent
219 2542 264 2600 cui
285 2542 407 2620 principi
423 2543 518 2617 cives,
543 2543 589 2601 cui
603 2543 766 2619 imperatori
786 2540 891 2600 milites
906 2539 1099 2618 peperissent.

96 2622 218 2684 Videres
232 2625 338 2685 referta
353 2634 430 2686 tecta
444 2643 478 2685 ac
498 2623 671 2702 laborantia,
687 2643 721 2685 ac
735 2644 773 2685 ne
791 2643 856 2684 eum
871 2622 986 2702 quidem
999 2640 1100 2682 vacan-

97 2715 156 2766 tem
170 2704 266 2765 loeum
283 2710 330 2786 qni
344 2726 400 2769 uon
414 2710 468 2770 nisi
485 2726 655 2787 suspensum
668 2717 699 2768 et
709 2707 842 2768 instabile
852 2707 1004 2781 vestigium
1017 2722 1101 2782 cape·

54 2801 89 2854 30
98 2797 159 2866 ret,
178 2788 311 2867 oppletas
322 2791 446 2870 undiquc
456 2794 517 2853 vias
531 2802 737 2869 angustumque
749 2793 888 2851 tramitem
898 2787 1028 2848 relictum
1039 2787 1100 2863 tibi,

97 2872 220 2933 alacrem
236 2873 301 2932 hinc
313 2883 399 2952 utque
415 2874 481 2934 inde
495 2874 649 2953 populum,
665 2874 770 2951 ubique
787 2892 839 2952 par
849 2870 980 2950 gaudium
991 2887 1101 2949 parem·

98 2974 154 3035 que
171 2955 334 3017 clamorem.
362 2957 431 3017 l'am
448 2956 575 3036 aequalis
592 2959 628 3018 ab
642 2958 771 3017 omnibus
786 2975 825 3016 ex
843 2954 965 3016 adventu
978 2962 1027 3014 tuo
1042 2954 1101 3016 lae·

96 3042 156 3099 titia
170 3049 310 3119 percepta
324 3050 370 3101 est
385 3058 466 3120 quam
481 3042 611 3102 omuibus
627 3042 745 3102 venisti:
760 3059 833 3120 quae
850 3049 944 3100 tamen
956 3040 1020 3117 ipsa
1038 3056 1101 3098 eum

96 3126 229 3201 ingressu
249 3134 299 3185 tuo
321 3128 411 3187 crevit
430 3143 465 3185 ac
480 3141 573 3205 prope
594 3127 623 3184 in
643 3124 773 3202 singulos
793 3123 898 3202 gradm
912 3122 1030 3184 adaucta
1045 3132 1099 3182 est.

54 3217 88 3270 35
98 3206 212 3269 Gratum
232 3217 292 3269 erat
313 3210 422 3270 cunctis
443 3209 520 3288 quod
540 3219 668 3269 senatum
686 3208 787 3269 osculo
803 3209 974 3285 exciperes,
1003 3215 1034 3265 ut
1057 3205 1098 3265 di·
1110 3202 1150 3267 23

96 3294 199 3353 missus
222 3291 323 3352 osculo
344 3293 456 3371 lucras,
484 3303 593 3370 gratum
614 3291 691 3370 qnod
711 3293 852 3371 equestris
868 3292 973 3351 ordinis
995 3289 1102 3349 decora

96 3374 206 3436 honore
219 3378 362 3436 nominum
378 3378 441 3437 sine
455 3377 595 3437 monitore
610 3379 755 3454 signares,
776 3386 886 3453 gratnm
900 3372 978 3453 quod
994 3381 1101 3433 tantum

97 3474 153 3517 non
168 3459 241 3520 ultro
257 3460 408 3522 clientibus
423 3458 550 3522 salutatis
567 3460 701 3540 quasdam
716 3459 908 3521 familiaritatis
921 3467 1003 3518 notas
1015 3455 1101 3517 adde·
