2400 3840
412 202 672 266 EPISTULARUM
687 204 736 264 Ill.
759 215 784 269 9.
1062 205 1104 268 55

94 364 280 437 praesentem
295 355 464 434 perducere.
498 356 587 417 Dices
603 363 672 417 ‘uon
686 355 738 416 luit
758 357 841 417 tanti:
866 357 1022 437 quidecim
1036 357 1103 417 mibi
1112 365 1144 421 ul

97 458 162 500 com
184 450 242 500 tam
267 439 354 518 longa
382 436 543 517 epistulal’
571 438 667 500 Nolito
695 457 766 518 ergo
791 440 944 501 identidem
966 458 1104 520 quaerere

96 523 166 604 quid
185 522 296 584 llomae
317 533 442 601 geratur.
472 522 511 584 Et
530 533 623 584 tamen
642 533 785 585 memento
798 542 854 584 non
870 542 937 586 esse
953 524 1104 603 epistulam

95 608 214 686 longam
228 625 303 687 quac
317 614 360 668 tot
374 607 452 685 dies,
475 616 518 668 tot
540 608 735 686 cognitiones,
754 608 798 668 tot
820 606 942 688 denique
956 626 1023 669 reos
1039 628 1103 670 cau-

70 703 206 770 ssasque
221 691 372 770 complexa
387 690 432 750 sit.
468 690 549 764 Quae
563 692 654 752 omnia
668 690 769 751 videor
781 691 848 751 mibi
862 709 919 752 non
933 693 1023 752 minus
1039 693 1103 752 bre·
1112 702 1146 769 28

96 777 173 835 riter
197 793 281 854 quam
302 773 454 852 diligenter
472 785 654 855 persecutus.
693 774 813 834 Temere
834 774 891 835 dui
912 774 1103 854 ‘diligenter’:

97 860 242 918 succurrit
256 857 333 937 quod
347 861 566 938 praeterieram,
589 869 618 919 et
633 858 746 938 quidem
762 876 846 935 sero,
869 859 922 919 sed
937 876 1104 939 quamquam

98 951 305 1023 praepostere,
332 942 476 1003 reddetur.
512 942 592 1002 Facit
617 943 673 1002 hoc
697 940 838 1004 Homerus
864 942 1001 1022 multique
1026 942 1103 1002 illius

99 1024 255 1104 exemplo,
278 1034 324 1085 est
346 1026 452 1105 alioqui
467 1027 671 1106 perdecorum,
693 1045 709 1086 a
723 1045 769 1087 me
785 1036 876 1087 umen
891 1044 948 1086 non
963 1026 1029 1087 ideo
1045 1028 1101 1087 liet.

54 1109 124 1170 1οΕ
145 1109 269 1170 testibus
291 1109 401 1189 quidam
421 1111 483 1169 sive
504 1112 607 1188 iratus,
630 1109 707 1191 quod
729 1120 865 1172 evocatus
886 1120 966 1170 esset
988 1111 1146 1189 invitusad>

99 1193 163 1252 sire
178 1192 348 1252 subornatus
362 1193 398 1254 ab
413 1193 508 1273 aliquo
522 1212 646 1273 reorum,
662 1203 693 1253 ut
708 1197 917 1255 accusationem
933 1203 1102 1273 enumeret,

98 1270 263 1337 Norbanum
277 1274 457 1352 Licinianum,
473 1277 596 1355 legatum
612 1287 641 1338 ct
654 1279 866 1356 inquisitorem,
883 1296 962 1338 reum
976 1278 1104 1357 postula·

96 1359 152 1436 vit,
166 1369 307 1439 tamquam
321 1361 350 1420 in
366 1378 451 1421 causa
463 1358 568 1421 'Castae
584 1362 671 1440 (uxor
686 1361 758 1421 haec
773 1361 910 1441 Classici)
926 1363 1103 1439 praevarica-

97 1452 188 1504 retur.
209 1442 263 1504 Est
285 1442 354 1522 lege
370 1453 481 1505 cautum
501 1454 531 1505 ut
544 1462 611 1504 reus
628 1454 693 1505 ante
709 1455 871 1523 peragatur,
887 1454 954 1505 tunc
969 1445 1006 1504 de
1020 1456 1146 1524 prae-30

54 1536 90 1594 15
99 1529 261 1587 varicatore
282 1536 448 1607 quaeratur,
476 1527 613 1589 videlicet
639 1531 703 1606 quia
723 1530 831 1607 optime
858 1546 894 1588 ex
920 1529 1102 1590 accusatione

96 1613 163 1691 ipsa
179 1615 353 1673 accusatoris
369 1611 441 1672 lides
457 1613 627 1673 aestimatur.
648 1607 781 1672 Norbano
795 1622 888 1673 tamen
903 1629 960 1672 non
975 1611 1046 1672 ordo
1060 1612 1102 1672 le·
1110 1623 1143 1678 31

98 1697 155 1773 gis,
171 1710 230 1755 non
243 1693 332 1773 legati
344 1713 461 1775 nomeu,
476 1712 533 1755 non
543 1697 731 1776 inquisitionis
743 1695 868 1757 officium
879 1695 1023 1775 praesidio
1035 1696 1102 1774 fuit:

98 1788 175 1839 tanta
191 1777 374 1858 conflagravit
388 1780 490 1841 invidia
504 1780 589 1840 homo
609 1779 715 1860 alioqui
736 1778 893 1857 flagitiosus
909 1789 938 1840 et
952 1779 1103 1840 Domitiani

95 1861 277 1940 'temporibus
297 1881 366 1922 usus
386 1872 417 1923 nt
436 1863 531 1941 multi,
555 1864 724 1944 electusque
739 1873 806 1924 tunc
821 1882 837 1925 a
852 1865 998 1943 provincia
1011 1863 1047 1924 ad
1061 1867 1103 1923 im

55 1950 91 2008 m
100 1945 284 2026 quirendum,
301 1965 359 2007 non
372 1957 511 2027 tamquam
526 1947 618 2009 bonus
634 1956 664 2008 et
678 1948 785 2026 tidelis,
802 1947 855 2008 sed
867 1958 1008 2028 tamquam
1022 1946 1102 2008 illas·

98 2033 152 2090 sici
167 2031 306 2090 inimicus.
324 2030 395 2092 Erat
409 2031 444 2091 ab
458 2030 508 2092 illo
523 2031 677 2109 relegatus.
700 2031 767 2092 Dari
784 2032 837 2090 sibi
852 2031 926 2091 diem
943 2040 972 2090 et
987 2031 1033 2091 edi
1048 2032 1144 2095 crida

94 2116 171 2174 mina
192 2115 371 2195 postulabat:
397 2125 528 2176 neutrum
547 2116 722 2195 impetravit,
746 2125 862 2176 coactus
885 2123 931 2174 est
949 2115 1043 2174 statim
1056 2133 1102 2174 re·

95 2197 259 2279 spondere:
280 2198 446 2278 respoudit,
462 2199 565 2259 malum
580 2210 753 2278 pravumque
769 2199 912 2275 ingenium
927 2197 1047 2257 hominis
1062 2197 1102 2256 ia-

98 2285 139 2342 cit
159 2290 191 2341 ut
212 2280 337 2343 dubitem
360 2284 535 2343 confidenter
556 2302 590 2343 an
612 2291 791 2359 constanter,
814 2291 894 2342 certe
914 2283 1101 2361 paratissime.

53 2364 222 2431 &Obiecta
237 2375 301 2428 sunt
321 2366 407 2427 multa
418 2379 494 2446 'quae
508 2369 598 2445 magis
614 2385 697 2446 quam
710 2368 914 2447 praevaricatio
929 2373 1145 2427 nocuerunt:33

98 2452 167 2530 quin
191 2451 275 2510 mam
297 2449 353 2512 duo
373 2450 557 2529 consulares,
580 2450 753 2529 Pomponius
769 2449 860 2509 liuius
877 2459 906 2510 et
920 2450 989 2510 Libo
1004 2448 1101 2527 Frugi,

93 2533 247 2615 [laeserunt
263 2550 327 2593 eum
342 2535 521 2612 testimonio,
539 2545 683 2614 tamqnam
701 2535 776 2614 apud
797 2535 918 2595 iudicem
940 2535 991 2593 snb
1006 2532 1103 2594 Domi·

96 2618 174 2678 tiano
189 2614 269 2678 Salvi
285 2617 423 2679 Liberalis
443 2621 657 2679 accusatoribus
679 2620 825 2679 adfuisset.
855 2618 1009 2678 Damnatus
1025 2627 1054 2678 et
1074 2620 1146 2678 in34

94 2701 220 2762 insulam
239 2701 387 2780 relegatus
409 2711 462 2762 est.
497 2702 596 2780 ltaque
617 2719 680 2762 cum
702 2700 815 2763 castam
830 2719 1011 2777 accusarem,
1034 2700 1102 2759 nihil

52 2787 189 2863 gomagis
211 2789 306 2864 pressi
328 2804 410 2866 quam
432 2787 508 2865 quod
528 2796 677 2846 accusator
698 2788 758 2845 eius
779 2786 1026 2865 praevaricationis
1049 2786 1102 2844 cri·

71 2885 73 2888 ’
97 2871 173 2929 mine
199 2870 363 2930 corruisset.
397 2869 492 2930 Pressi
512 2880 604 2932 tamen
620 2870 738 2930 frustra:
765 2869 868 2929 accidit
882 2871 955 2928 enim
969 2885 1017 2926 res
1035 2885 1102 2928 con-

94 2955 183 3014 traria
198 2961 229 3012 et
242 2968 332 3032 nora,
353 2963 384 3014 ut
398 2965 566 3015 accusatore
582 2954 830 3032 praevaricationis
846 2954 973 3013 damnato
988 2970 1039 3012 rea
1054 2951 1102 3011 ab·

98 3036 272 3097 solveretur.
293 3036 417 3111 'Quaeris
433 3037 499 3117 quid
515 3056 578 3116 nos,
595 3037 659 3097 dum
673 3036 746 3097 baec
761 3032 901 3114 aguntur?
915 3035 1145 3097 lndicavimus3u

59 3191 64 3197 ⁵
98 3121 211 3180 senatui
232 3138 269 3180 ex
283 3120 416 3182 Norbano
433 3121 568 3182 didicisse
588 3139 641 3183 nos
662 3121 805 3201 publicam
821 3138 934 3182 causam
948 3137 1103 3199 rursusque

54 3203 218 3274 {adsuere
232 3223 270 3263 ex
291 3207 403 3283 integro
425 3205 554 3284 discere,
577 3207 601 3265 si
622 3206 672 3264 ille
694 3208 903 3283 praevaricator
922 3206 1103 3285 probaretur,

97 3286 191 3365 adque
214 3289 268 3362 ita,
290 3288 419 3349 dumille
435 3292 579 3368 peragitur
591 3307 668 3366 reus,
685 3287 823 3351 sedimus:
839 3298 941 3368 postea
955 3288 1104 3349 Norbanus

98 3373 230 3432 omnibus
247 3372 348 3434 diebus
370 3375 541 3451 cognitionis
561 3372 687 3433 interluit
708 3374 885 3453 eandemque
897 3370 1111 3448 usqueaueu:

95 3462 219 3515 tremum
234 3456 280 3517 uel
296 3459 480 3520 constantiam
496 3458 546 3522 vel
562 3457 717 3521 audaciam
728 3456 866 3540 pertul'u.
882 3455 1053 3524 nuceranae
1061 3446 1187 3516 'euim‘
