2400 3840
377 169 640 232 EPISTULARUM
654 170 691 232 ll.
715 182 757 235 12.
1029 173 1070 238 33

60 323 181 387 Cornuti
202 326 372 386 sententiam
392 326 435 385 ire
458 334 624 403 coeperunt.
657 324 727 383 Pam
748 324 788 384 illi
811 327 858 404 qui
874 345 908 387 se
929 325 1069 405 Collegae

59 409 241 470 adnumerari
257 409 435 487 patiebantur
455 411 484 468 in
500 408 642 470 diversum
657 410 844 488 transierunt,
871 406 992 488 Collega
1007 429 1071 471 cum
1124 410 1127 415 ’

61 492 162 572 paucis
177 492 309 554 relictus.
331 491 450 553 blultum
461 500 563 571 postea
573 492 609 552 de
620 491 812 570 inpulsoribus
825 496 895 572 suis,
914 496 1069 574 praecipue

62 577 97 639 de
112 574 243 654 Regulo,
258 585 377 654 questus
393 586 449 652 cst,
466 577 557 654 quise
573 578 599 634 in
616 577 755 636 sententia
768 595 850 654 quam
863 578 927 655 ipse
944 578 1070 639 dictave·

44 668 101 721 brat
123 660 313 721 deseruisset.
345 658 398 720 Est
417 658 523 737 alioqui
544 658 659 737 Regulo
676 669 731 720 tam
751 660 856 719 mobile
876 663 1020 739 ingenium
1041 671 1070 722 ut

62 743 214 823 plurimum
229 741 347 821 audeat,
370 742 518 822 plurimum
539 745 644 803 timeat.
677 741 731 803 llic
747 744 809 804 linis
827 747 996 822 cognitionis
1012 757 1112 811 amab

63 827 219 907 piissimae.
250 827 390 907 Superest
410 835 503 887 tamen
520 819 731 905 λειτούργιον
750 845 807 887 non
827 825 911 904 leve,
932 827 1069 892 llostilios

64 910 221 989 Firminus,
242 911 354 988 legatus
372 907 441 969 llari
462 909 568 986 Prisci,
593 912 641 989 qui
654 912 812 990 permixtus
829 928 930 972 causac
946 916 1071 988 graviter

63 993 308 1074 vehementerque
319 1002 438 1054 vexatus
451 1003 505 1054 est.
524 991 595 1053 llam
609 1003 639 1054 et
652 996 806 1055 rationibus
820 992 954 1055 llaroiani
969 1005 998 1056 et
1009 1014 1070 1057 ser·

44 1092 147 1145 omone
164 1097 251 1156 quem
267 1075 316 1138 ille
336 1077 472 1138 habuerat
483 1079 510 1136 iu
522 1077 619 1138 ordine
631 1077 841 1158 Leptitanorum
858 1097 974 1158 operam
992 1098 1070 1140 suam

65 1161 163 1224 Prisco
179 1161 214 1222 ad
230 1162 422 1241 turpissimum
435 1163 619 1222 ministerium
637 1162 846 1241 commodasse,
862 1162 1069 1242 stipulatusque

64 1245 99 1307 de
120 1245 268 1306 lllarciano
285 1246 485 1324 quinquaginta
500 1243 574 1304 milia
597 1245 773 1307 denariorum
790 1246 978 1325 probabatur,
1005 1250 1070 1324 ipse

65 1340 215 1409 praeterea
235 1330 387 1408 accepisse
404 1330 537 1389 sestertia
558 1330 659 1389 decem
672 1329 757 1408 milia,
773 1329 940 1390 foedissimo
958 1331 1071 1408 quidem

63 1414 163 1492 titulo,
187 1414 301 1473 nomine
322 1414 519 1489 unguentarii,
541 1414 588 1491 qui
610 1411 707 1473 titulus
724 1415 812 1472 avita
826 1412 946 1473 bominis
965 1415 1070 1491 compti

44 1508 182 1576 tsemper
195 1506 226 1558 et
243 1497 376 1576 pumicati
391 1513 447 1555 non
462 1494 641 1556 abhorrebat.
664 1494 773 1557 Placuit
790 1504 928 1555 censente
943 1495 1069 1556 Cornuto
1078 1507 1114 1560 24

63 1581 165 1644 reterri
182 1580 219 1640 de
237 1598 273 1641 eo
290 1581 420 1659 proximo
437 1587 552 1639 senatu:
570 1586 637 1657 tunc
652 1581 737 1656 enim,
756 1598 824 1640 casu
835 1598 869 1638 an
882 1582 1069 1658 conscientia,

62 1665 182 1727 aluerat.
205 1662 301 1724 Habes
313 1682 361 1724 res
377 1664 512 1731 urbanas;
536 1664 658 1723 invicem
672 1665 794 1725 rusticas
810 1664 921 1724 scribe:
943 1665 1009 1743 quid
1026 1676 1113 1728 arbo

64 1749 203 1810 busculae
219 1756 296 1826 tuae,
316 1746 383 1826 quid
398 1748 510 1823 vinem,
526 1746 594 1824 quid
609 1756 728 1825 segetes
745 1757 842 1825 agunt,
857 1746 923 1825 quid
938 1766 1010 1809 oves
1022 1746 1070 1809 de·

63 1827 267 1894 beatissimae?
287 1830 320 1890 ln
340 1849 462 1906 summa,
484 1831 538 1890 nisi
559 1848 651 1909 aeque
668 1830 781 1909 longam
797 1830 947 1910 epistulam
961 1832 1068 1910 reddis,

44 1924 119 1977 bnon
133 1927 181 1978 est
195 1913 272 1993 quod
288 1924 388 1992 postea
401 1915 454 1974 nisi
470 1915 666 1974 brevissimam
680 1924 829 1993 expectes.
861 1913 942 1974 Vale.

532 2045 599 2107 th.

338 2145 364 2196 o.
386 2145 511 2197 sumtus
527 2145 673 2196 anarnmo
693 2144 797 2196 suos

125 2241 351 2324 Astcodpytov
377 2246 448 2307 illud
474 2246 549 2327 qnod
577 2265 734 2326 superesse
761 2244 832 2306 llari
854 2245 944 2307 Prisci
967 2263 1094 2315 causael

44 2333 196 2412 sproxine
217 2332 404 2410 scripseram,
424 2333 525 2393 nescio
544 2350 579 2391 an
599 2332 686 2408 satis,
708 2332 906 2391 circumcisum
926 2340 1020 2391 tamen
1041 2339 1072 2392 et

63 2416 197 2477 adrasum
217 2422 273 2475 est.
309 2412 447 2476 Firminus
461 2416 591 2476 inductus
610 2416 638 2474 in
655 2425 781 2476 senatum
799 2413 948 2493 respondit
964 2416 1096 2481 criminin

63 2510 144 2562 noto.
178 2497 302 2558 Secutae
323 2508 389 2560 sunt
408 2498 538 2561 diversae
560 2501 718 2560 sententiae
741 2497 888 2559 consulum
910 2498 1071 2576 designato·

63 2602 141 2643 rum:
171 2579 314 2643 Cornutus
331 2581 475 2644 Tertullus
495 2584 606 2643 censuit
628 2584 726 2643 ordine
748 2582 934 2658 movendum,
952 2581 1070 2642 Acutius

63 2664 162 2727 Nerva
180 2667 209 2725 in
229 2668 378 2728 sortitione
399 2669 564 2746 provinciae
584 2669 721 2727 rationem
743 2667 805 2728 eius
826 2684 883 2726 non
903 2663 1068 2725 habendam.

44 2749 146 2823 oQuae
162 2751 304 2812 sententia
317 2759 457 2831 tamquam
469 2753 562 2811 mitior
576 2752 656 2828 vicit,
674 2768 737 2811 cum
752 2751 788 2809 sit
800 2748 905 2828 alioqui
918 2747 1013 2806 durior
1024 2749 1071 2806 tri-

64 2836 205 2913 stiorque.
229 2830 304 2907 Quid
319 2837 393 2895 enim
408 2837 537 2896 miserius
554 2853 636 2913 quam
651 2842 784 2894 exectum
799 2843 828 2893 et
844 2839 1005 2907 exemptum
1018 2830 1096 2895 ho·3

65 2918 184 2978 noribus
200 2920 349 2978 senatoriis
363 2917 461 2980 labore
477 2928 506 2979 et
522 2916 655 2978 molesti!
666 2934 722 2976 non
738 2913 859 2975 carere?
875 2914 942 2993 quid
955 2917 1071 2991 gravius

66 3019 150 3081 quam
163 3010 241 3062 tanta
251 3003 403 3079 ignominia
419 3002 561 3063 adlectum
575 3018 632 3062 non
646 3003 674 3060 in
691 2999 843 3062 solitudine
858 2997 961 3076 latere,
977 2999 1073 3060 sedin

65 3084 119 3145 bac
134 3084 271 3145 altissima
286 3087 404 3164 specula
417 3085 650 3164 conspiciendum
665 3103 698 3145 se
710 3082 977 3162 monstrandumque
989 3102 1072 3162 prae·

45 3165 157 3230 abere?
184 3168 336 3230 Praeterea
352 3171 419 3249 quid
439 3169 555 3248 publice
574 3170 663 3229 minus
682 3177 728 3228 aut
745 3185 906 3244 congruens
921 3177 968 3228 aut
985 3167 1098 3234 deco-4

67 3271 144 3330 mm,
159 3261 286 3312 notatum
301 3271 318 3313 a
333 3263 432 3314 senatu
446 3255 474 3312 in
489 3263 588 3313 senatu
604 3251 707 3313 sedere
722 3252 852 3330 ipsisque
867 3251 923 3311 illis
938 3270 954 3311 a
969 3250 1072 3328 quibus

69 3337 104 3398 sit
118 3345 233 3397 notatus
251 3340 366 3417 aequari
378 3347 406 3398 et
420 3347 587 3398 summotum
600 3354 615 3395 a
628 3334 842 3415 proconsulatu,
862 3336 926 3414 quia
940 3353 973 3395 se
987 3337 1016 3393 in
1029 3332 1071 3392 le·

70 3422 182 3497 gatione
207 3422 330 3501 turpiter
350 3430 499 3500 gesserat,
527 3419 562 3480 de
582 3419 803 3499 proconsulibus
819 3419 945 3479 iudicare
961 3417 1073 3477 damna·

108 3510 182 3564 Pana
198 3509 248 3563 Er.
889 3501 908 3560 3
1094 3504 1130 3630 1
