<?xml version="1.0" encoding="UTF-8"?>
<!DOCTYPE html PUBLIC "-//W3C//DTD XHTML 1.0 Transitional//EN"
    "http://www.w3.org/TR/xhtml1/DTD/xhtml1-transitional.dtd">
<html xmlns="http://www.w3.org/1999/xhtml" xml:lang="en" lang="en">
 <head>
  <title>
</title>
<meta http-equiv="Content-Type" content="text/html;charset=utf-8" />
  <meta name='ocr-system' content='tesseract 3.04.00' />
  <meta name='ocr-capabilities' content='ocr_page ocr_carea ocr_par ocr_line ocrx_word'/>
</head>
<body>
  <div class='ocr_page' id='page_1' title='image "./cplinicaecilise01plingoog_0244.png"; bbox 0 0 2400 3840; ppageno 0'>
   <div class='ocr_carea' id='block_1_1' title="bbox 307 199 1106 282">
    <p class='ocr_par' dir='ltr' id='par_1_1' title="bbox 307 199 1106 282">
     <span class='ocr_line' id='line_1_1' title="bbox 307 199 1106 282; baseline 0.004 -17"><span class='ocrx_word' id='word_1_1' title='bbox 307 199 708 266; x_wconf 73' lang='lat' dir='ltr'><strong>murcomannum-ss.</strong></span> <span class='ocrx_word' id='word_1_2' title='bbox 724 199 889 282; x_wconf 71' lang='lat' dir='ltr'><strong>[sn-sc]</strong></span> <span class='ocrx_word' id='word_1_3' title='bbox 1043 202 1106 268; x_wconf 83' lang='lat'><strong>217</strong></span> 
     </span>
    </p>
   </div>
   <div class='ocr_carea' id='block_1_2' title="bbox 97 347 1104 436">
    <p class='ocr_par' dir='ltr' id='par_1_2' title="bbox 97 347 1104 436">
     <span class='ocr_line' id='line_1_2' title="bbox 97 347 1104 436; baseline -0.001 -20"><span class='ocrx_word' id='word_1_4' title='bbox 97 355 236 416; x_wconf 88' lang='lat' dir='ltr'><strong>adductus</strong></span> <span class='ocrx_word' id='word_1_5' title='bbox 250 356 286 416; x_wconf 89' lang='lat' dir='ltr'><strong>ad</strong></span> <span class='ocrx_word' id='word_1_6' title='bbox 304 373 350 416; x_wconf 88' lang='lat' dir='ltr'><strong>me</strong></span> <span class='ocrx_word' id='word_1_7' title='bbox 367 357 580 434; x_wconf 84' lang='lat' dir='ltr'><strong>inperpetuum</strong></span> <span class='ocrx_word' id='word_1_8' title='bbox 594 355 740 433; x_wconf 81' lang='lat' dir='ltr'><strong>relegatus</strong></span> <span class='ocrx_word' id='word_1_9' title='bbox 754 372 770 415; x_wconf 84' lang='lat' dir='ltr'><strong>a</strong></span> <span class='ocrx_word' id='word_1_10' title='bbox 787 347 860 416; x_wconf 90' lang='lat' dir='ltr'><strong>lulio</strong></span> <span class='ocrx_word' id='word_1_11' title='bbox 874 356 965 417; x_wconf 88' lang='lat' dir='ltr'><strong>Basso</strong></span> <span class='ocrx_word' id='word_1_12' title='bbox 980 373 1104 436; x_wconf 88' lang='lat' dir='ltr'><strong>procon-</strong></span> 
     </span>
    </p>
   </div>
   <div class='ocr_carea' id='block_1_3' title="bbox 57 437 1127 1174">
    <p class='ocr_par' dir='ltr' id='par_1_3' title="bbox 57 437 1127 1174">
     <span class='ocr_line' id='line_1_3' title="bbox 98 437 1105 518; baseline 0 -18"><span class='ocrx_word' id='word_1_13' title='bbox 98 439 172 501; x_wconf 86' lang='lat' dir='ltr'><strong>sule.</strong></span> <span class='ocrx_word' id='word_1_14' title='bbox 192 437 269 517; x_wconf 81' lang='lat' dir='ltr'><strong>Ego,</strong></span> <span class='ocrx_word' id='word_1_15' title='bbox 285 441 349 518; x_wconf 87' lang='lat' dir='ltr'><strong>quia</strong></span> <span class='ocrx_word' id='word_1_16' title='bbox 364 439 490 499; x_wconf 75' lang='lat' dir='ltr'><strong>sciebam</strong></span> <span class='ocrx_word' id='word_1_17' title='bbox 504 448 567 499; x_wconf 86' lang='lat' dir='ltr'><strong>acta</strong></span> <span class='ocrx_word' id='word_1_18' title='bbox 582 439 664 499; x_wconf 81' lang='lat' dir='ltr'>Bassi</span> <span class='ocrx_word' id='word_1_19' title='bbox 679 441 803 500; x_wconf 88' lang='lat' dir='ltr'><strong>rescissa</strong></span> <span class='ocrx_word' id='word_1_20' title='bbox 814 439 964 518; x_wconf 87' lang='lat' dir='ltr'><strong>datumque</strong></span> <span class='ocrx_word' id='word_1_21' title='bbox 977 456 993 499; x_wconf 85' lang='lat' dir='ltr'><strong>a</strong></span> <span class='ocrx_word' id='word_1_22' title='bbox 1005 449 1105 501; x_wconf 88' lang='lat' dir='ltr'><strong>senatu</strong></span> 
     </span>
     <span class='ocr_line' id='line_1_4' title="bbox 97 520 1104 604; baseline -0.002 -20"><span class='ocrx_word' id='word_1_23' title='bbox 97 526 142 584; x_wconf 89' lang='lat' dir='ltr'><strong>ius</strong></span> <span class='ocrx_word' id='word_1_24' title='bbox 152 523 280 583; x_wconf 91' lang='lat' dir='ltr'><strong>omnibus</strong></span> <span class='ocrx_word' id='word_1_25' title='bbox 292 522 328 582; x_wconf 91' lang='lat' dir='ltr'><strong>de</strong></span> <span class='ocrx_word' id='word_1_26' title='bbox 340 522 442 601; x_wconf 86' lang='lat' dir='ltr'><strong>quibus</strong></span> <span class='ocrx_word' id='word_1_27' title='bbox 454 521 505 584; x_wconf 92' lang='lat' dir='ltr'><strong>ille</strong></span> <span class='ocrx_word' id='word_1_28' title='bbox 516 520 621 602; x_wconf 89' lang='lat' dir='ltr'><strong>aliquid</strong></span> <span class='ocrx_word' id='word_1_29' title='bbox 633 522 828 583; x_wconf 87' lang='lat' dir='ltr'><strong>constituisset</strong></span> <span class='ocrx_word' id='word_1_30' title='bbox 842 542 879 604; x_wconf 84' lang='lat' dir='ltr'><strong>ex</strong></span> <span class='ocrx_word' id='word_1_31' title='bbox 892 525 1004 601; x_wconf 82' lang='lat' dir='ltr'><strong>integro</strong></span> <span class='ocrx_word' id='word_1_32' title='bbox 1016 541 1104 601; x_wconf 82' lang='lat' dir='ltr'><strong>agen-</strong></span> 
     </span>
     <span class='ocr_line' id='line_1_5' title="bbox 98 605 1104 685; baseline 0.001 -20"><span class='ocrx_word' id='word_1_33' title='bbox 98 606 137 684; x_wconf 93' lang='lat' dir='ltr'><strong>di,</strong></span> <span class='ocrx_word' id='word_1_34' title='bbox 156 606 297 666; x_wconf 76' lang='lat' dir='ltr'><strong>dumtaxat</strong></span> <span class='ocrx_word' id='word_1_35' title='bbox 311 624 364 684; x_wconf 91' lang='lat' dir='ltr'><strong>per</strong></span> <span class='ocrx_word' id='word_1_36' title='bbox 378 607 535 683; x_wconf 79' lang='lat' dir='ltr'>biennium,</span> <span class='ocrx_word' id='word_1_37' title='bbox 551 608 723 682; x_wconf 83' lang='lat' dir='ltr'><strong>interrogavi</strong></span> <span class='ocrx_word' id='word_1_38' title='bbox 737 605 812 666; x_wconf 92' lang='lat' dir='ltr'><strong>bunc</strong></span> <span class='ocrx_word' id='word_1_39' title='bbox 824 624 908 685; x_wconf 88' lang='lat' dir='ltr'><strong>quem</strong></span> <span class='ocrx_word' id='word_1_40' title='bbox 922 606 1104 684; x_wconf 79' lang='lat' dir='ltr'><strong>relegaverat</strong></span> 
     </span>
     <span class='ocr_line' id='line_1_6' title="bbox 71 689 1127 769; baseline 0.007 -22"><span class='ocrx_word' id='word_1_41' title='bbox 71 697 133 751; x_wconf 74' lang='lat' dir='ltr'><strong>tan</strong></span> <span class='ocrx_word' id='word_1_42' title='bbox 148 689 256 751; x_wconf 89' lang='lat' dir='ltr'><strong>adisset</strong></span> <span class='ocrx_word' id='word_1_43' title='bbox 275 689 479 768; x_wconf 80' lang='lat' dir='ltr'><strong>docuissetque</strong></span> <span class='ocrx_word' id='word_1_44' title='bbox 495 689 711 769; x_wconf 76' lang='lat' dir='ltr'><strong>proconsulem:</strong></span> <span class='ocrx_word' id='word_1_45' title='bbox 736 691 867 768; x_wconf 74' lang='lat' dir='ltr'><strong>cepeoii.</strong></span> <span class='ocrx_word' id='word_1_46' title='bbox 900 689 955 750; x_wconf 83' lang='lat' dir='ltr'><strong>l’er</strong></span> <span class='ocrx_word' id='word_1_47' title='bbox 971 691 1047 769; x_wconf 89' lang='lat' dir='ltr'><strong>quod</strong></span> <span class='ocrx_word' id='word_1_48' title='bbox 1059 690 1127 754; x_wconf 84' lang='lat' dir='ltr'><strong>ei-5</strong></span> 
     </span>
     <span class='ocr_line' id='line_1_7' title="bbox 98 772 1103 853; baseline -0.001 -19"><span class='ocrx_word' id='word_1_49' title='bbox 98 774 206 836; x_wconf 83' lang='lat' dir='ltr'><strong>fectum</strong></span> <span class='ocrx_word' id='word_1_50' title='bbox 227 782 317 836; x_wconf 87' lang='lat' dir='ltr'><strong>estut</strong></span> <span class='ocrx_word' id='word_1_51' title='bbox 337 783 366 834; x_wconf 89' lang='lat' dir='ltr'><strong>tc</strong></span> <span class='ocrx_word' id='word_1_52' title='bbox 382 772 563 835; x_wconf 85' lang='lat' dir='ltr'><strong>consulerem</strong></span> <span class='ocrx_word' id='word_1_53' title='bbox 582 773 756 834; x_wconf 89' lang='lat' dir='ltr'><strong>reddendum</strong></span> <span class='ocrx_word' id='word_1_54' title='bbox 777 791 842 833; x_wconf 91' lang='lat' dir='ltr'><strong>eum</strong></span> <span class='ocrx_word' id='word_1_55' title='bbox 855 790 967 853; x_wconf 86' lang='lat' dir='ltr'><strong>poenae</strong></span> <span class='ocrx_word' id='word_1_56' title='bbox 984 792 1053 835; x_wconf 86' lang='lat' dir='ltr'><strong>suae</strong></span> <span class='ocrx_word' id='word_1_57' title='bbox 1067 792 1103 833; x_wconf 92' lang='lat' dir='ltr'><strong>an</strong></span> 
     </span>
     <span class='ocr_line' id='line_1_8' title="bbox 98 855 1103 937; baseline 0 -19"><span class='ocrx_word' id='word_1_58' title='bbox 98 860 213 935; x_wconf 75' lang='lat' dir='ltr'><strong>gratim</strong></span> <span class='ocrx_word' id='word_1_59' title='bbox 234 857 340 936; x_wconf 88' lang='lat' dir='ltr'><strong>aliquid</strong></span> <span class='ocrx_word' id='word_1_60' title='bbox 360 866 389 918; x_wconf 89' lang='lat' dir='ltr'><strong>et</strong></span> <span class='ocrx_word' id='word_1_61' title='bbox 411 856 478 936; x_wconf 85' lang='lat' dir='ltr'><strong>qnid</strong></span> <span class='ocrx_word' id='word_1_62' title='bbox 499 858 678 937; x_wconf 89' lang='lat' dir='ltr'><strong>potissimum</strong></span> <span class='ocrx_word' id='word_1_63' title='bbox 699 855 925 919; x_wconf 87' lang='lat' dir='ltr'><strong>constituendum</strong></span> <span class='ocrx_word' id='word_1_64' title='bbox 940 867 1058 935; x_wconf 86' lang='lat' dir='ltr'><strong>putares</strong></span> <span class='ocrx_word' id='word_1_65' title='bbox 1074 867 1103 918; x_wconf 82' lang='lat' dir='ltr'><strong>et</strong></span> 
     </span>
     <span class='ocr_line' id='line_1_9' title="bbox 98 939 1103 1020; baseline -0.002 -18"><span class='ocrx_word' id='word_1_66' title='bbox 98 943 127 1002; x_wconf 92' lang='lat' dir='ltr'><strong>in</strong></span> <span class='ocrx_word' id='word_1_67' title='bbox 142 941 217 1002; x_wconf 87' lang='lat' dir='ltr'><strong>buno</strong></span> <span class='ocrx_word' id='word_1_68' title='bbox 234 950 264 1002; x_wconf 88' lang='lat' dir='ltr'><strong>et</strong></span> <span class='ocrx_word' id='word_1_69' title='bbox 278 943 306 1001; x_wconf 93' lang='lat' dir='ltr'><strong>in</strong></span> <span class='ocrx_word' id='word_1_70' title='bbox 321 959 390 1018; x_wconf 89' lang='lat' dir='ltr'><strong>eos,</strong></span> <span class='ocrx_word' id='word_1_71' title='bbox 410 943 435 1001; x_wconf 88' lang='lat' dir='ltr'><strong>si</strong></span> <span class='ocrx_word' id='word_1_72' title='bbox 456 942 505 1020; x_wconf 86' lang='lat' dir='ltr'><strong>qui</strong></span> <span class='ocrx_word' id='word_1_73' title='bbox 522 940 598 1002; x_wconf 84' lang='lat' dir='ltr'><strong>forte</strong></span> <span class='ocrx_word' id='word_1_74' title='bbox 619 943 648 1001; x_wconf 95' lang='lat' dir='ltr'><strong>in</strong></span> <span class='ocrx_word' id='word_1_75' title='bbox 668 939 752 1002; x_wconf 83' lang='lat' dir='ltr'><strong>simili</strong></span> <span class='ocrx_word' id='word_1_76' title='bbox 766 941 929 1001; x_wconf 89' lang='lat' dir='ltr'><strong>conditione</strong></span> <span class='ocrx_word' id='word_1_77' title='bbox 943 943 1103 1001; x_wconf 89' lang='lat' dir='ltr'><strong>inveniren-</strong></span> 
     </span>
     <span class='ocr_line' id='line_1_10' title="bbox 99 1020 1103 1102; baseline 0.001 -18"><span class='ocrx_word' id='word_1_78' title='bbox 99 1033 154 1085; x_wconf 87' lang='lat' dir='ltr'><strong>tur.</strong></span> <span class='ocrx_word' id='word_1_79' title='bbox 183 1025 340 1086; x_wconf 88' lang='lat' dir='ltr'><strong>Decretum</strong></span> <span class='ocrx_word' id='word_1_80' title='bbox 359 1020 439 1085; x_wconf 84' lang='lat' dir='ltr'><strong>Galvi</strong></span> <span class='ocrx_word' id='word_1_81' title='bbox 454 1032 483 1084; x_wconf 89' lang='lat' dir='ltr'><strong>et</strong></span> <span class='ocrx_word' id='word_1_82' title='bbox 498 1023 639 1102; x_wconf 82' lang='lat' dir='ltr'><strong>edictum,</strong></span> <span class='ocrx_word' id='word_1_83' title='bbox 660 1025 727 1084; x_wconf 89' lang='lat' dir='ltr'><strong>item</strong></span> <span class='ocrx_word' id='word_1_84' title='bbox 742 1024 889 1085; x_wconf 89' lang='lat' dir='ltr'><strong>decretum</strong></span> <span class='ocrx_word' id='word_1_85' title='bbox 903 1024 984 1085; x_wconf 90' lang='lat' dir='ltr'><strong>Bassi</strong></span> <span class='ocrx_word' id='word_1_86' title='bbox 998 1024 1042 1085; x_wconf 89' lang='lat' dir='ltr'><strong>his</strong></span> <span class='ocrx_word' id='word_1_87' title='bbox 1057 1024 1103 1085; x_wconf 91' lang='lat' dir='ltr'><strong>lit-</strong></span> 
     </span>
     <span class='ocr_line' id='line_1_11' title="bbox 57 1109 303 1174; baseline -0.012 -4"><span class='ocrx_word' id='word_1_88' title='bbox 57 1110 90 1163; x_wconf 81' lang='lat'><strong>10</strong></span> <span class='ocrx_word' id='word_1_89' title='bbox 100 1110 169 1174; x_wconf 90' lang='lat' dir='ltr'><strong>teris</strong></span> <span class='ocrx_word' id='word_1_90' title='bbox 184 1109 303 1169; x_wconf 88' lang='lat' dir='ltr'><strong>subieci.</strong></span> 
     </span>
    </p>
   </div>
   <div class='ocr_carea' id='block_1_4' title="bbox 435 1240 766 1390">
    <p class='ocr_par' dir='ltr' id='par_1_4' title="bbox 435 1240 766 1390">
     <span class='ocr_line' id='line_1_12' title="bbox 498 1240 704 1319; baseline 0 -19"><span class='ocrx_word' id='word_1_91' title='bbox 498 1240 583 1300; x_wconf 85' lang='lat' dir='ltr'><strong>nvn.</strong></span> <span class='ocrx_word' id='word_1_92' title='bbox 598 1240 704 1319; x_wconf 69' lang='lat' dir='ltr'><strong>[nxvp</strong></span> 
     </span>
     <span class='ocr_line' id='line_1_13' title="bbox 435 1339 766 1390; baseline 0 -1"><span class='ocrx_word' id='word_1_93' title='bbox 435 1339 599 1390; x_wconf 69' lang='lat' dir='ltr'><strong>TRAIANUS</strong></span> <span class='ocrx_word' id='word_1_94' title='bbox 615 1339 721 1390; x_wconf 88' lang='lat' dir='ltr'><strong>PLINIO</strong></span> <span class='ocrx_word' id='word_1_95' title='bbox 740 1339 766 1389; x_wconf 87' lang='lat' dir='ltr'><strong>S.</strong></span> 
     </span>
    </p>
   </div>
   <div class='ocr_carea' id='block_1_5' title="bbox 57 1439 1131 2190">
    <p class='ocr_par' dir='ltr' id='par_1_5' title="bbox 57 1439 1131 2190">
     <span class='ocr_line' id='line_1_14' title="bbox 120 1439 1130 1521; baseline -0.004 -17"><span class='ocrx_word' id='word_1_96' title='bbox 120 1500 121 1504; x_wconf 75' lang='grc'>,</span> <span class='ocrx_word' id='word_1_97' title='bbox 165 1440 239 1514; x_wconf 83' lang='lat' dir='ltr'><strong>Quid</strong></span> <span class='ocrx_word' id='word_1_98' title='bbox 259 1442 288 1501; x_wconf 91' lang='lat' dir='ltr'><strong>in</strong></span> <span class='ocrx_word' id='word_1_99' title='bbox 308 1459 432 1521; x_wconf 87' lang='lat' dir='ltr'><strong>persona</strong></span> <span class='ocrx_word' id='word_1_100' title='bbox 451 1460 550 1503; x_wconf 89' lang='lat' dir='ltr'><strong>eorum</strong></span> <span class='ocrx_word' id='word_1_101' title='bbox 571 1441 748 1504; x_wconf 86' lang='lat' dir='ltr'><strong>statuendum</strong></span> <span class='ocrx_word' id='word_1_102' title='bbox 769 1443 823 1520; x_wconf 90' lang='lat' dir='ltr'><strong>sit,</strong></span> <span class='ocrx_word' id='word_1_103' title='bbox 845 1439 1130 1520; x_wconf 85' lang='lat' dir='ltr'><strong>quial&#39;.Servili01</strong></span> 
     </span>
     <span class='ocr_line' id='line_1_15' title="bbox 58 1523 1102 1604; baseline -0.004 -15"><span class='ocrx_word' id='word_1_104' title='bbox 58 1537 92 1589; x_wconf 85' lang='lat'><strong>15</strong></span> <span class='ocrx_word' id='word_1_105' title='bbox 102 1523 191 1586; x_wconf 82' lang='lat' dir='ltr'><strong>Galro</strong></span> <span class='ocrx_word' id='word_1_106' title='bbox 206 1525 380 1604; x_wconf 88' lang='lat' dir='ltr'><strong>proconsule</strong></span> <span class='ocrx_word' id='word_1_107' title='bbox 395 1528 424 1585; x_wconf 94' lang='lat' dir='ltr'><strong>in</strong></span> <span class='ocrx_word' id='word_1_108' title='bbox 438 1527 587 1587; x_wconf 90' lang='lat' dir='ltr'><strong>triennium</strong></span> <span class='ocrx_word' id='word_1_109' title='bbox 598 1524 720 1603; x_wconf 80' lang='lat' dir='ltr'><strong>relegati</strong></span> <span class='ocrx_word' id='word_1_110' title='bbox 736 1534 765 1585; x_wconf 92' lang='lat' dir='ltr'><strong>et</strong></span> <span class='ocrx_word' id='word_1_111' title='bbox 784 1543 850 1585; x_wconf 85' lang='lat' dir='ltr'><strong>mox</strong></span> <span class='ocrx_word' id='word_1_112' title='bbox 865 1524 992 1586; x_wconf 86' lang='lat' dir='ltr'><strong>eiusdem</strong></span> <span class='ocrx_word' id='word_1_113' title='bbox 1007 1523 1102 1586; x_wconf 86' lang='lat' dir='ltr'><strong>edicto</strong></span> 
     </span>
     <span class='ocr_line' id='line_1_16' title="bbox 100 1608 1104 1689; baseline -0.002 -20"><span class='ocrx_word' id='word_1_114' title='bbox 100 1610 223 1669; x_wconf 87' lang='lat' dir='ltr'><strong>restituti</strong></span> <span class='ocrx_word' id='word_1_115' title='bbox 237 1610 265 1669; x_wconf 92' lang='lat' dir='ltr'><strong>in</strong></span> <span class='ocrx_word' id='word_1_116' title='bbox 276 1611 422 1689; x_wconf 83' lang='lat' dir='ltr'><strong>provincia</strong></span> <span class='ocrx_word' id='word_1_117' title='bbox 431 1618 642 1687; x_wconf 79' lang='lat' dir='ltr'><strong>remanserunt,</strong></span> <span class='ocrx_word' id='word_1_118' title='bbox 654 1611 782 1687; x_wconf 85' lang='lat' dir='ltr'><strong>proxime</strong></span> <span class='ocrx_word' id='word_1_119' title='bbox 793 1609 844 1670; x_wconf 93' lang='lat' dir='ltr'><strong>tibi</strong></span> <span class='ocrx_word' id='word_1_120' title='bbox 855 1608 1021 1686; x_wconf 85' lang='lat' dir='ltr'><strong>rescribam,</strong></span> <span class='ocrx_word' id='word_1_121' title='bbox 1040 1624 1104 1668; x_wconf 91' lang='lat' dir='ltr'><strong>cum</strong></span> 
     </span>
     <span class='ocr_line' id='line_1_17' title="bbox 102 1691 1131 1774; baseline -0.002 -22"><span class='ocrx_word' id='word_1_122' title='bbox 102 1710 203 1753; x_wconf 89' lang='lat' dir='ltr'><strong>causas</strong></span> <span class='ocrx_word' id='word_1_123' title='bbox 221 1694 283 1774; x_wconf 85' lang='lat' dir='ltr'><strong>eius</strong></span> <span class='ocrx_word' id='word_1_124' title='bbox 296 1693 364 1755; x_wconf 85' lang='lat' dir='ltr'><strong>iacti</strong></span> <span class='ocrx_word' id='word_1_125' title='bbox 378 1710 394 1753; x_wconf 89' lang='lat' dir='ltr'><strong>a</strong></span> <span class='ocrx_word' id='word_1_126' title='bbox 410 1691 498 1755; x_wconf 81' lang='lat' dir='ltr'><strong>Galro</strong></span> <span class='ocrx_word' id='word_1_127' title='bbox 512 1693 681 1772; x_wconf 88' lang='lat' dir='ltr'><strong>requisiero.</strong></span> <span class='ocrx_word' id='word_1_128' title='bbox 707 1692 762 1765; x_wconf 85' lang='lat' dir='ltr'><strong>Qui</strong></span> <span class='ocrx_word' id='word_1_129' title='bbox 776 1711 792 1754; x_wconf 91' lang='lat' dir='ltr'><strong>a</strong></span> <span class='ocrx_word' id='word_1_130' title='bbox 806 1692 877 1753; x_wconf 90' lang='lat' dir='ltr'><strong>lulio</strong></span> <span class='ocrx_word' id='word_1_131' title='bbox 889 1693 979 1754; x_wconf 89' lang='lat' dir='ltr'><strong>Basso</strong></span> <span class='ocrx_word' id='word_1_132' title='bbox 994 1692 1022 1751; x_wconf 95' lang='lat' dir='ltr'><strong>in</strong></span> <span class='ocrx_word' id='word_1_133' title='bbox 1038 1707 1131 1772; x_wconf 74' lang='lat' dir='ltr'><strong>per-n</strong></span> 
     </span>
     <span class='ocr_line' id='line_1_18' title="bbox 101 1774 1103 1857; baseline -0.002 -21"><span class='ocrx_word' id='word_1_134' title='bbox 101 1785 218 1856; x_wconf 87' lang='lat' dir='ltr'><strong>petnum</strong></span> <span class='ocrx_word' id='word_1_135' title='bbox 241 1774 388 1855; x_wconf 78' lang='lat' dir='ltr'><strong>relegatus</strong></span> <span class='ocrx_word' id='word_1_136' title='bbox 409 1788 472 1855; x_wconf 90' lang='lat' dir='ltr'><strong>est,</strong></span> <span class='ocrx_word' id='word_1_137' title='bbox 496 1795 560 1838; x_wconf 91' lang='lat' dir='ltr'><strong>cnm</strong></span> <span class='ocrx_word' id='word_1_138' title='bbox 579 1796 634 1857; x_wconf 89' lang='lat' dir='ltr'><strong>per</strong></span> <span class='ocrx_word' id='word_1_139' title='bbox 653 1777 797 1837; x_wconf 90' lang='lat' dir='ltr'><strong>biennium</strong></span> <span class='ocrx_word' id='word_1_140' title='bbox 815 1777 918 1856; x_wconf 79' lang='lat' dir='ltr'><strong>agendi</strong></span> <span class='ocrx_word' id='word_1_141' title='bbox 939 1774 1103 1838; x_wconf 85' lang='lat' dir='ltr'><strong>facultatem</strong></span> 
     </span>
     <span class='ocr_line' id='line_1_19' title="bbox 100 1860 1105 1939; baseline 0 -19"><span class='ocrx_word' id='word_1_142' title='bbox 100 1860 247 1937; x_wconf 88' lang='lat' dir='ltr'><strong>babuerit,</strong></span> <span class='ocrx_word' id='word_1_143' title='bbox 263 1861 289 1920; x_wconf 91' lang='lat' dir='ltr'><strong>si</strong></span> <span class='ocrx_word' id='word_1_144' title='bbox 303 1862 479 1921; x_wconf 85' lang='lat' dir='ltr'><strong>existimabat</strong></span> <span class='ocrx_word' id='word_1_145' title='bbox 493 1880 527 1923; x_wconf 90' lang='lat' dir='ltr'><strong>se</strong></span> <span class='ocrx_word' id='word_1_146' title='bbox 541 1862 641 1920; x_wconf 90' lang='lat' dir='ltr'><strong>iniuria</strong></span> <span class='ocrx_word' id='word_1_147' title='bbox 654 1861 828 1939; x_wconf 83' lang='lat' dir='ltr'><strong>relegatum,</strong></span> <span class='ocrx_word' id='word_1_148' title='bbox 844 1878 939 1939; x_wconf 90' lang='lat' dir='ltr'><strong>neque</strong></span> <span class='ocrx_word' id='word_1_149' title='bbox 953 1860 983 1920; x_wconf 93' lang='lat' dir='ltr'><strong>id</strong></span> <span class='ocrx_word' id='word_1_150' title='bbox 1000 1860 1105 1921; x_wconf 89' lang='lat' dir='ltr'><strong>iecerit</strong></span> 
     </span>
     <span class='ocr_line' id='line_1_20' title="bbox 57 1944 1105 2023; baseline 0 -19"><span class='ocrx_word' id='word_1_151' title='bbox 57 1952 187 2022; x_wconf 75' lang='lat' dir='ltr'><strong>noctque</strong></span> <span class='ocrx_word' id='word_1_152' title='bbox 202 1944 231 2003; x_wconf 92' lang='lat' dir='ltr'><strong>in</strong></span> <span class='ocrx_word' id='word_1_153' title='bbox 246 1945 392 2022; x_wconf 79' lang='lat' dir='ltr'><strong>provincia</strong></span> <span class='ocrx_word' id='word_1_154' title='bbox 406 1947 508 2004; x_wconf 89' lang='lat' dir='ltr'><strong>morari</strong></span> <span class='ocrx_word' id='word_1_155' title='bbox 525 1945 735 2023; x_wconf 89' lang='lat' dir='ltr'><strong>perseverarit,</strong></span> <span class='ocrx_word' id='word_1_156' title='bbox 757 1946 869 2006; x_wconf 84' lang='lat' dir='ltr'><strong>vinctus</strong></span> <span class='ocrx_word' id='word_1_157' title='bbox 885 1945 955 2004; x_wconf 89' lang='lat' dir='ltr'><strong>mitti</strong></span> <span class='ocrx_word' id='word_1_158' title='bbox 969 1945 1004 2004; x_wconf 90' lang='lat' dir='ltr'><strong>ad</strong></span> <span class='ocrx_word' id='word_1_159' title='bbox 1022 1961 1105 2022; x_wconf 88' lang='lat' dir='ltr'><strong>prae-</strong></span> 
     </span>
     <span class='ocr_line' id='line_1_21' title="bbox 101 2026 1104 2106; baseline 0 -19"><span class='ocrx_word' id='word_1_160' title='bbox 101 2027 196 2088; x_wconf 82' lang='lat' dir='ltr'><strong>lectos</strong></span> <span class='ocrx_word' id='word_1_161' title='bbox 217 2029 352 2106; x_wconf 87' lang='lat' dir='ltr'><strong>praetorii</strong></span> <span class='ocrx_word' id='word_1_162' title='bbox 369 2029 425 2088; x_wconf 87' lang='lat' dir='ltr'><strong>mei</strong></span> <span class='ocrx_word' id='word_1_163' title='bbox 441 2027 537 2088; x_wconf 88' lang='lat' dir='ltr'><strong>debet.</strong></span> <span class='ocrx_word' id='word_1_164' title='bbox 570 2026 769 2105; x_wconf 84' lang='lat' dir='ltr'><strong>Neqneenim</strong></span> <span class='ocrx_word' id='word_1_165' title='bbox 789 2028 895 2088; x_wconf 83' lang='lat' dir='ltr'><strong>suflicit</strong></span> <span class='ocrx_word' id='word_1_166' title='bbox 915 2045 979 2087; x_wconf 89' lang='lat' dir='ltr'><strong>eum</strong></span> <span class='ocrx_word' id='word_1_167' title='bbox 992 2044 1104 2106; x_wconf 84' lang='lat' dir='ltr'><strong>poenae</strong></span> 
     </span>
     <span class='ocr_line' id='line_1_22' title="bbox 102 2110 706 2190; baseline -0.005 -19"><span class='ocrx_word' id='word_1_168' title='bbox 102 2129 171 2171; x_wconf 89' lang='lat' dir='ltr'><strong>suae</strong></span> <span class='ocrx_word' id='word_1_169' title='bbox 186 2112 308 2190; x_wconf 87' lang='lat' dir='ltr'><strong>restitui,</strong></span> <span class='ocrx_word' id='word_1_170' title='bbox 323 2129 406 2190; x_wconf 82' lang='lat' dir='ltr'><strong>qnam</strong></span> <span class='ocrx_word' id='word_1_171' title='bbox 420 2113 596 2172; x_wconf 88' lang='lat' dir='ltr'><strong>contumacia</strong></span> <span class='ocrx_word' id='word_1_172' title='bbox 612 2110 706 2170; x_wconf 91' lang='lat' dir='ltr'><strong>elusit.</strong></span> 
     </span>
    </p>
   </div>
   <div class='ocr_carea' id='block_1_6' title="bbox 58 2242 878 2416">
    <p class='ocr_par' dir='ltr' id='par_1_6' title="bbox 58 2242 878 2416">
     <span class='ocr_line' id='line_1_23' title="bbox 173 2242 719 2333; baseline -0.02 -21"><span class='ocrx_word' id='word_1_173' title='bbox 173 2329 175 2333; x_wconf 12' lang='lat' dir='ltr'>v</span> <span class='ocrx_word' id='word_1_174' title='bbox 482 2242 580 2303; x_wconf 89' lang='lat' dir='ltr'><strong>nvrn.</strong></span> <span class='ocrx_word' id='word_1_175' title='bbox 600 2242 719 2322; x_wconf 66' lang='lat' dir='ltr'><strong>[nxvrp</strong></span> 
     </span>
     <span class='ocr_line' id='line_1_24' title="bbox 58 2332 878 2416; baseline -0.012 -17"><span class='ocrx_word' id='word_1_176' title='bbox 58 2363 92 2416; x_wconf 70' lang='lat'><strong>25</strong></span> <span class='ocrx_word' id='word_1_177' title='bbox 259 2332 262 2335; x_wconf 40' lang='lat'>¹</span> <span class='ocrx_word' id='word_1_178' title='bbox 319 2340 346 2391; x_wconf 83' lang='lat' dir='ltr'><strong>C.</strong></span> <span class='ocrx_word' id='word_1_179' title='bbox 366 2340 490 2392; x_wconf 88' lang='lat' dir='ltr'>PLINIUS</span> <span class='ocrx_word' id='word_1_180' title='bbox 507 2341 652 2393; x_wconf 79' lang='lat' dir='ltr'><strong>TRAIANO</strong></span> <span class='ocrx_word' id='word_1_181' title='bbox 670 2339 878 2391; x_wconf 75' lang='lat' dir='ltr'>IMPERATORI.</span> 
     </span>
    </p>
   </div>
   <div class='ocr_carea' id='block_1_7' title="bbox 59 2439 1134 3528">
    <p class='ocr_par' dir='ltr' id='par_1_7' title="bbox 59 2439 1134 3528">
     <span class='ocr_line' id='line_1_25' title="bbox 113 2439 1129 2521; baseline 0.003 -19"><span class='ocrx_word' id='word_1_182' title='bbox 113 2461 115 2465; x_wconf 55' lang='lat'><strong><em>¹</em></strong></span> <span class='ocrx_word' id='word_1_183' title='bbox 166 2440 237 2502; x_wconf 84' lang='lat' dir='ltr'><strong>Cum</strong></span> <span class='ocrx_word' id='word_1_184' title='bbox 252 2442 367 2502; x_wconf 84' lang='lat' dir='ltr'><strong>citarem</strong></span> <span class='ocrx_word' id='word_1_185' title='bbox 377 2442 497 2521; x_wconf 87' lang='lat' dir='ltr'><strong>iudices,</strong></span> <span class='ocrx_word' id='word_1_186' title='bbox 513 2443 635 2520; x_wconf 91' lang='lat' dir='ltr'><strong>domine,</strong></span> <span class='ocrx_word' id='word_1_187' title='bbox 652 2452 822 2505; x_wconf 85' lang='lat' dir='ltr'><strong>conventum</strong></span> <span class='ocrx_word' id='word_1_188' title='bbox 835 2440 1027 2518; x_wconf 81' lang='lat' dir='ltr'><strong>inchoaturus,</strong></span> <span class='ocrx_word' id='word_1_189' title='bbox 1040 2439 1129 2505; x_wconf 81' lang='lat' dir='ltr'><strong>Fla-1</strong></span> 
     </span>
     <span class='ocr_line' id='line_1_26' title="bbox 102 2522 1131 2608; baseline 0 -24"><span class='ocrx_word' id='word_1_190' title='bbox 102 2527 165 2586; x_wconf 90' lang='lat' dir='ltr'><strong>vius</strong></span> <span class='ocrx_word' id='word_1_191' title='bbox 172 2525 336 2606; x_wconf 81' lang='lat' dir='ltr'><strong>Archippus</strong></span> <span class='ocrx_word' id='word_1_192' title='bbox 349 2528 525 2587; x_wconf 83' lang='lat' dir='ltr'><strong>vacationem</strong></span> <span class='ocrx_word' id='word_1_193' title='bbox 538 2537 640 2607; x_wconf 88' lang='lat' dir='ltr'><strong>petere</strong></span> <span class='ocrx_word' id='word_1_194' title='bbox 655 2528 752 2608; x_wconf 85' lang='lat' dir='ltr'><strong>coepit</strong></span> <span class='ocrx_word' id='word_1_195' title='bbox 768 2536 798 2587; x_wconf 88' lang='lat' dir='ltr'><strong>ut</strong></span> <span class='ocrx_word' id='word_1_196' title='bbox 809 2525 1007 2605; x_wconf 87' lang='lat' dir='ltr'><strong>philosophus.</strong></span> <span class='ocrx_word' id='word_1_197' title='bbox 1031 2522 1131 2585; x_wconf 75' lang='lat' dir='ltr'><strong>Fue-2</strong></span> 
     </span>
     <span class='ocr_line' id='line_1_27' title="bbox 101 2609 1104 2687; baseline -0.001 -19"><span class='ocrx_word' id='word_1_198' title='bbox 101 2618 166 2669; x_wconf 87' lang='lat' dir='ltr'><strong>runt</strong></span> <span class='ocrx_word' id='word_1_199' title='bbox 187 2610 235 2687; x_wconf 87' lang='lat' dir='ltr'><strong>qui</strong></span> <span class='ocrx_word' id='word_1_200' title='bbox 256 2609 385 2671; x_wconf 88' lang='lat' dir='ltr'><strong>dicerent</strong></span> <span class='ocrx_word' id='word_1_201' title='bbox 404 2627 461 2671; x_wconf 94' lang='lat' dir='ltr'><strong>non</strong></span> <span class='ocrx_word' id='word_1_202' title='bbox 479 2610 654 2673; x_wconf 90' lang='lat' dir='ltr'><strong>liberandum</strong></span> <span class='ocrx_word' id='word_1_203' title='bbox 676 2630 740 2673; x_wconf 88' lang='lat' dir='ltr'><strong>enm</strong></span> <span class='ocrx_word' id='word_1_204' title='bbox 756 2611 896 2671; x_wconf 88' lang='lat' dir='ltr'><strong>iudicandi</strong></span> <span class='ocrx_word' id='word_1_205' title='bbox 917 2609 1104 2685; x_wconf 85' lang='lat' dir='ltr'><strong>necessitate,</strong></span> 
     </span>
     <span class='ocr_line' id='line_1_28' title="bbox 102 2692 1106 2771; baseline -0.005 -16"><span class='ocrx_word' id='word_1_206' title='bbox 102 2692 156 2755; x_wconf 89' lang='lat' dir='ltr'><strong>sed</strong></span> <span class='ocrx_word' id='word_1_207' title='bbox 173 2693 285 2754; x_wconf 90' lang='lat' dir='ltr'><strong>omnino</strong></span> <span class='ocrx_word' id='word_1_208' title='bbox 300 2692 455 2755; x_wconf 90' lang='lat' dir='ltr'><strong>tollendnm</strong></span> <span class='ocrx_word' id='word_1_209' title='bbox 471 2693 507 2756; x_wconf 94' lang='lat' dir='ltr'><strong>de</strong></span> <span class='ocrx_word' id='word_1_210' title='bbox 520 2696 643 2756; x_wconf 89' lang='lat' dir='ltr'><strong>iudicum</strong></span> <span class='ocrx_word' id='word_1_211' title='bbox 657 2713 774 2756; x_wconf 90' lang='lat' dir='ltr'><strong>numero</strong></span> <span class='ocrx_word' id='word_1_212' title='bbox 789 2693 1020 2771; x_wconf 85' lang='lat' dir='ltr'><strong>reddendumque</strong></span> <span class='ocrx_word' id='word_1_213' title='bbox 1035 2709 1106 2770; x_wconf 88' lang='lat' dir='ltr'><strong>poe·</strong></span> 
     </span>
     <span class='ocr_line' id='line_1_29' title="bbox 59 2775 1133 2856; baseline -0.005 -15"><span class='ocrx_word' id='word_1_214' title='bbox 59 2785 174 2855; x_wconf 76' lang='lat' dir='ltr'><strong>donae,</strong></span> <span class='ocrx_word' id='word_1_215' title='bbox 191 2794 274 2856; x_wconf 85' lang='lat' dir='ltr'><strong>quam</strong></span> <span class='ocrx_word' id='word_1_216' title='bbox 294 2776 391 2839; x_wconf 84' lang='lat' dir='ltr'><strong>fractis</strong></span> <span class='ocrx_word' id='word_1_217' title='bbox 404 2778 537 2840; x_wconf 66' lang='lat' dir='ltr'><strong>‚vinculis</strong></span> <span class='ocrx_word' id='word_1_218' title='bbox 558 2782 707 2841; x_wconf 76' lang='lat' dir='ltr'><strong>evasisset.</strong></span> <span class='ocrx_word' id='word_1_219' title='bbox 744 2777 875 2838; x_wconf 84' lang='lat' dir='ltr'><strong>Recitata</strong></span> <span class='ocrx_word' id='word_1_220' title='bbox 897 2785 942 2836; x_wconf 89' lang='lat' dir='ltr'><strong>est</strong></span> <span class='ocrx_word' id='word_1_221' title='bbox 967 2775 1133 2836; x_wconf 66' lang='lat' dir='ltr'><strong>sententiat</strong></span> 
     </span>
     <span class='ocr_line' id='line_1_30' title="bbox 102 2858 1107 2941; baseline -0.004 -21"><span class='ocrx_word' id='word_1_222' title='bbox 102 2859 170 2920; x_wconf 86' lang='lat' dir='ltr'><strong>Veli</strong></span> <span class='ocrx_word' id='word_1_223' title='bbox 190 2858 279 2921; x_wconf 83' lang='lat' dir='ltr'><strong>Paulli</strong></span> <span class='ocrx_word' id='word_1_224' title='bbox 304 2861 502 2940; x_wconf 84' lang='lat' dir='ltr'><strong>proconsulis,</strong></span> <span class='ocrx_word' id='word_1_225' title='bbox 530 2881 584 2941; x_wconf 85' lang='lat' dir='ltr'><strong>qua</strong></span> <span class='ocrx_word' id='word_1_226' title='bbox 610 2862 784 2940; x_wconf 88' lang='lat' dir='ltr'><strong>probabatur</strong></span> <span class='ocrx_word' id='word_1_227' title='bbox 802 2858 967 2937; x_wconf 81' lang='lat' dir='ltr'><strong>Archippus</strong></span> <span class='ocrx_word' id='word_1_228' title='bbox 991 2858 1107 2917; x_wconf 88' lang='lat' dir='ltr'><strong>crimine</strong></span> 
     </span>
     <span class='ocr_line' id='line_1_31' title="bbox 103 2943 1107 3023; baseline -0.003 -19"><span class='ocrx_word' id='word_1_229' title='bbox 103 2943 168 3006; x_wconf 83' lang='lat' dir='ltr'><strong>falsi</strong></span> <span class='ocrx_word' id='word_1_230' title='bbox 187 2943 329 3005; x_wconf 88' lang='lat' dir='ltr'><strong>damnatus</strong></span> <span class='ocrx_word' id='word_1_231' title='bbox 344 2946 373 3004; x_wconf 93' lang='lat' dir='ltr'><strong>in</strong></span> <span class='ocrx_word' id='word_1_232' title='bbox 392 2945 549 3006; x_wconf 85' lang='lat' dir='ltr'><strong>metallum:</strong></span> <span class='ocrx_word' id='word_1_233' title='bbox 575 2944 626 3005; x_wconf 89' lang='lat' dir='ltr'><strong>ille</strong></span> <span class='ocrx_word' id='word_1_234' title='bbox 646 2943 716 3005; x_wconf 92' lang='lat' dir='ltr'><strong>nibil</strong></span> <span class='ocrx_word' id='word_1_235' title='bbox 730 2943 896 3023; x_wconf 85' lang='lat' dir='ltr'><strong>proferebat</strong></span> <span class='ocrx_word' id='word_1_236' title='bbox 917 2959 973 3021; x_wconf 90' lang='lat' dir='ltr'><strong>quo</strong></span> <span class='ocrx_word' id='word_1_237' title='bbox 993 2943 1107 3002; x_wconf 90' lang='lat' dir='ltr'><strong>restitn-</strong></span> 
     </span>
     <span class='ocr_line' id='line_1_32' title="bbox 104 3024 1108 3107; baseline -0.004 -19"><span class='ocrx_word' id='word_1_238' title='bbox 104 3037 163 3088; x_wconf 82' lang='lat' dir='ltr'><strong>tum</strong></span> <span class='ocrx_word' id='word_1_239' title='bbox 178 3045 212 3089; x_wconf 91' lang='lat' dir='ltr'><strong>se</strong></span> <span class='ocrx_word' id='word_1_240' title='bbox 226 3027 356 3090; x_wconf 88' lang='lat' dir='ltr'><strong>doceret.</strong></span> <span class='ocrx_word' id='word_1_241' title='bbox 386 3028 548 3107; x_wconf 79' lang='lat' dir='ltr'><strong>Adlegabat</strong></span> <span class='ocrx_word' id='word_1_242' title='bbox 562 3039 655 3090; x_wconf 89' lang='lat' dir='ltr'><strong>tamen</strong></span> <span class='ocrx_word' id='word_1_243' title='bbox 670 3045 724 3107; x_wconf 92' lang='lat' dir='ltr'><strong>pro</strong></span> <span class='ocrx_word' id='word_1_244' title='bbox 737 3027 917 3089; x_wconf 81' lang='lat' dir='ltr'><strong>restitutione</strong></span> <span class='ocrx_word' id='word_1_245' title='bbox 935 3035 964 3086; x_wconf 91' lang='lat' dir='ltr'><strong>et</strong></span> <span class='ocrx_word' id='word_1_246' title='bbox 979 3024 1108 3086; x_wconf 90' lang='lat' dir='ltr'><strong>libellum</strong></span> 
     </span>
     <span class='ocr_line' id='line_1_33' title="bbox 104 3110 1108 3193; baseline -0.001 -22"><span class='ocrx_word' id='word_1_247' title='bbox 104 3129 167 3172; x_wconf 88' lang='lat' dir='ltr'><strong>ase</strong></span> <span class='ocrx_word' id='word_1_248' title='bbox 182 3111 342 3173; x_wconf 88' lang='lat' dir='ltr'><strong>Domitiano</strong></span> <span class='ocrx_word' id='word_1_249' title='bbox 358 3112 451 3175; x_wconf 87' lang='lat' dir='ltr'><strong>datum</strong></span> <span class='ocrx_word' id='word_1_250' title='bbox 467 3122 496 3173; x_wconf 89' lang='lat' dir='ltr'><strong>et</strong></span> <span class='ocrx_word' id='word_1_251' title='bbox 510 3112 648 3193; x_wconf 87' lang='lat' dir='ltr'><strong>epistulas</strong></span> <span class='ocrx_word' id='word_1_252' title='bbox 664 3114 725 3173; x_wconf 87' lang='lat' dir='ltr'><strong>eius</strong></span> <span class='ocrx_word' id='word_1_253' title='bbox 744 3111 779 3171; x_wconf 92' lang='lat' dir='ltr'><strong>ad</strong></span> <span class='ocrx_word' id='word_1_254' title='bbox 794 3110 931 3171; x_wconf 90' lang='lat' dir='ltr'><strong>bonorem</strong></span> <span class='ocrx_word' id='word_1_255' title='bbox 947 3128 1027 3171; x_wconf 90' lang='lat' dir='ltr'><strong>suum</strong></span> <span class='ocrx_word' id='word_1_256' title='bbox 1042 3127 1108 3188; x_wconf 89' lang='lat' dir='ltr'><strong>per·</strong></span> 
     </span>
     <span class='ocr_line' id='line_1_34' title="bbox 60 3193 1107 3259; baseline -0.004 -2"><span class='ocrx_word' id='word_1_257' title='bbox 60 3203 95 3257; x_wconf 78' lang='lat'><strong>35</strong></span> <span class='ocrx_word' id='word_1_258' title='bbox 104 3197 228 3258; x_wconf 86' lang='lat' dir='ltr'><strong>tinentes</strong></span> <span class='ocrx_word' id='word_1_259' title='bbox 244 3205 273 3256; x_wconf 87' lang='lat' dir='ltr'><strong>et</strong></span> <span class='ocrx_word' id='word_1_260' title='bbox 287 3196 433 3259; x_wconf 87' lang='lat' dir='ltr'><strong>decretum</strong></span> <span class='ocrx_word' id='word_1_261' title='bbox 449 3197 639 3259; x_wconf 85' lang='lat' dir='ltr'><strong>Prusensium.</strong></span> <span class='ocrx_word' id='word_1_262' title='bbox 669 3195 801 3256; x_wconf 79' lang='lat' dir='ltr'><strong>Addebat</strong></span> <span class='ocrx_word' id='word_1_263' title='bbox 820 3193 864 3253; x_wconf 92' lang='lat' dir='ltr'><strong>bis</strong></span> <span class='ocrx_word' id='word_1_264' title='bbox 878 3202 908 3254; x_wconf 91' lang='lat' dir='ltr'><strong>et</strong></span> <span class='ocrx_word' id='word_1_265' title='bbox 922 3203 984 3256; x_wconf 82' lang='lat' dir='ltr'><strong>tuas</strong></span> <span class='ocrx_word' id='word_1_266' title='bbox 998 3193 1107 3254; x_wconf 82' lang='lat' dir='ltr'><strong>litteras</strong></span> 
     </span>
     <span class='ocr_line' id='line_1_35' title="bbox 106 3275 1109 3360; baseline -0.007 -19"><span class='ocrx_word' id='word_1_267' title='bbox 106 3281 227 3359; x_wconf 88' lang='lat' dir='ltr'><strong>scriptas</strong></span> <span class='ocrx_word' id='word_1_268' title='bbox 245 3280 317 3357; x_wconf 89' lang='lat' dir='ltr'><strong>sibi,</strong></span> <span class='ocrx_word' id='word_1_269' title='bbox 338 3281 460 3342; x_wconf 89' lang='lat' dir='ltr'><strong>addebat</strong></span> <span class='ocrx_word' id='word_1_270' title='bbox 474 3291 504 3342; x_wconf 89' lang='lat' dir='ltr'><strong>et</strong></span> <span class='ocrx_word' id='word_1_271' title='bbox 517 3283 605 3360; x_wconf 86' lang='lat' dir='ltr'><strong>putris</strong></span> <span class='ocrx_word' id='word_1_272' title='bbox 620 3282 660 3340; x_wconf 93' lang='lat' dir='ltr'><strong>tui</strong></span> <span class='ocrx_word' id='word_1_273' title='bbox 675 3279 799 3339; x_wconf 87' lang='lat' dir='ltr'><strong>edictum</strong></span> <span class='ocrx_word' id='word_1_274' title='bbox 814 3287 844 3339; x_wconf 92' lang='lat' dir='ltr'><strong>et</strong></span> <span class='ocrx_word' id='word_1_275' title='bbox 859 3277 1026 3358; x_wconf 89' lang='lat' dir='ltr'><strong>epistulam,</strong></span> <span class='ocrx_word' id='word_1_276' title='bbox 1048 3275 1109 3354; x_wconf 90' lang='lat' dir='ltr'><strong>qui·</strong></span> 
     </span>
     <span class='ocr_line' id='line_1_36' title="bbox 104 3359 1134 3441; baseline -0.003 -17"><span class='ocrx_word' id='word_1_277' title='bbox 104 3363 158 3424; x_wconf 94' lang='lat' dir='ltr'><strong>bns</strong></span> <span class='ocrx_word' id='word_1_278' title='bbox 174 3364 370 3426; x_wconf 84' lang='lat' dir='ltr'><strong>confirmasset</strong></span> <span class='ocrx_word' id='word_1_279' title='bbox 385 3365 524 3426; x_wconf 84' lang='lat' dir='ltr'><strong>beneficia</strong></span> <span class='ocrx_word' id='word_1_280' title='bbox 538 3383 554 3425; x_wconf 88' lang='lat' dir='ltr'><strong>a</strong></span> <span class='ocrx_word' id='word_1_281' title='bbox 568 3364 727 3424; x_wconf 89' lang='lat' dir='ltr'><strong>Domitiano</strong></span> <span class='ocrx_word' id='word_1_282' title='bbox 743 3360 814 3424; x_wconf 88' lang='lat' dir='ltr'><strong>data.</strong></span> <span class='ocrx_word' id='word_1_283' title='bbox 847 3360 963 3441; x_wconf 83' lang='lat' dir='ltr'><strong>ltaque,</strong></span> <span class='ocrx_word' id='word_1_284' title='bbox 982 3359 1134 3439; x_wconf 74' lang='lat' dir='ltr'><strong>quamvisd</strong></span> 
     </span>
     <span class='ocr_line' id='line_1_37' title="bbox 105 3443 1107 3528; baseline -0.007 -19"><span class='ocrx_word' id='word_1_285' title='bbox 105 3447 199 3509; x_wconf 87' lang='lat' dir='ltr'><strong>eidem</strong></span> <span class='ocrx_word' id='word_1_286' title='bbox 213 3446 279 3508; x_wconf 90' lang='lat' dir='ltr'><strong>talia</strong></span> <span class='ocrx_word' id='word_1_287' title='bbox 296 3449 411 3508; x_wconf 91' lang='lat' dir='ltr'><strong>crimina</strong></span> <span class='ocrx_word' id='word_1_288' title='bbox 432 3447 656 3528; x_wconf 89' lang='lat' dir='ltr'><strong>adplicarentur,</strong></span> <span class='ocrx_word' id='word_1_289' title='bbox 680 3445 749 3506; x_wconf 91' lang='lat' dir='ltr'><strong>nibil</strong></span> <span class='ocrx_word' id='word_1_290' title='bbox 769 3444 978 3508; x_wconf 88' lang='lat' dir='ltr'><strong>decernendum</strong></span> <span class='ocrx_word' id='word_1_291' title='bbox 999 3443 1107 3522; x_wconf 80' lang='lat' dir='ltr'><strong>putaui,</strong></span> 
     </span>
    </p>
   </div>
   <div class='ocr_carea' id='block_1_8' title="bbox 0 0 1211 3840">
    <p class='ocr_par' dir='ltr' id='par_1_8' title="bbox 0 0 1211 3840">
     <span class='ocr_line' id='line_1_38' title="bbox 0 0 1211 3840; baseline 0 0"><span class='ocrx_word' id='word_1_292' title='bbox 0 0 1211 3840; x_wconf 95' lang='lat' dir='ltr'><strong> </strong></span> 
     </span>
    </p>
   </div>
  </div>
 </body>
</html>
