2400 3840
86 175 149 240 208
388 169 420 233 G.
443 168 541 231 PLlNl
562 168 611 231 ET
633 166 792 230 vantnrtt

88 327 181 409 quod,
200 326 299 387 utiam
319 323 445 386 dixerant
467 331 643 385 sacramento
660 321 794 399 militari,
815 318 939 381 nondum
955 318 1093 381 distributi

87 415 262 473 innumeros
278 420 366 471 crant.
391 409 466 482 Quid
478 425 550 486 ergo
563 406 682 468 debeam
692 407 775 485 sequi
786 421 872 484 rogo,
886 402 1011 483 domine,
1028 404 1094 464 scri·
1180 480 1181 487 ἵ

87 497 150 575 bas,
165 496 334 576 praesertim
350 511 414 554 curn
429 495 568 573 pertineat
583 491 618 551 ad
633 489 805 570 exemplum,

439 621 741 705 xxx.[xxxvu11.1
1103 659 1118 712 a

422 723 586 775 TRAIANUS
604 722 709 776 PLlNIO
729 722 756 774 S.

62 827 76 879 1
149 812 311 873 Secundum
330 810 458 872 mandata
478 828 541 871 mea
561 810 631 871 iecit
651 809 838 889 Sempronius
861 804 1015 869 (tacitanus
1033 809 1095 868 mit-

87 897 174 958 tendo
189 897 224 958 ad
239 906 268 958 te
286 913 338 957 eos
354 895 509 974 dequibus
525 896 665 973 cognosci
682 893 826 974 oportebit
839 911 875 954 au
890 892 1014 970 capitale
1031 910 1096 972 sup·

87 980 203 1061 plicium
219 983 358 1040 meruisse
372 978 531 1040 videantur.
564 978 666 1038 lielert
686 986 779 1038 autern
800 976 951 1037 voluntarii
967 995 1001 1038 se
1015 976 1097 1037 obtu-

61 1065 171 1128 tlerint
187 1082 222 1125 an
238 1063 305 1125 lecti
320 1065 376 1125 sint
387 1063 435 1123 vel
451 1064 534 1122 etiam
550 1064 648 1122 vicarii
664 1060 732 1123 dati.
763 1061 844 1123 Lecti
857 1063 886 1122 oi
901 1071 984 1140 sunt,
1006 1061 1136 1139 ioqui-10

87 1149 153 1208 sitio
169 1149 317 1227 peccavit:
340 1149 365 1207 si
384 1147 483 1207 vicarii
499 1145 571 1223 dati,
593 1163 686 1225 penes
710 1163 762 1207 eos
784 1146 868 1226 culpa
885 1154 932 1207 est
947 1146 996 1225 qui
1010 1145 1098 1206 dede·

86 1239 165 1292 runt:
180 1233 204 1291 si
220 1233 293 1310 ipsi,
308 1249 373 1291 cum
387 1231 526 1292 haberent
541 1229 711 1291 conditionis
726 1248 795 1292 suae
811 1231 1033 1308 conscientiam,
1048 1248 1099 1290 vc·

87 1325 205 1396 nerunt,
228 1316 505 1377 animadvertendum
524 1317 553 1376 in
573 1314 641 1376 illos
665 1317 728 1375 erit.
760 1315 864 1394 Neque
886 1316 961 1375 enim
982 1314 1099 1374 multum

88 1403 208 1462 interest
229 1402 306 1479 quod
326 1400 449 1461 noudum
468 1418 523 1480 per
536 1413 669 1460 numeros
687 1399 828 1461 distributi
844 1408 919 1459 sunt.
950 1396 1007 1460 Ille
1025 1401 1099 1458 enirn

89 1484 150 1547 dies
175 1486 252 1566 [pro]
276 1502 332 1564 quo
348 1488 466 1567 primum
483 1485 595 1563 probati
616 1492 680 1544 suut
701 1485 849 1545 veritatem
869 1483 904 1544 ab
924 1483 960 1542 iis
980 1482 1097 1561 originis
1108 1498 1149 1559 15,

88 1587 156 1630 suae
172 1571 278 1647 exegit.

484 1652 588 1713 XXXI.
614 1650 696 1731 [XL]

311 1749 337 1800 0.
357 1749 482 1803 PLINIUS
502 1752 648 1803 TRAIANO
666 1748 877 1803 IMPERATORI,

65 1847 79 1896 1
154 1835 238 1895 Salva
248 1837 438 1914 magnitudine
454 1847 511 1915 tua,
531 1837 655 1915 domine,
672 1836 831 1899 descendas
848 1845 963 1916 oportet
974 1835 1010 1897 ad
1019 1852 1098 1896 meas

89 1938 190 1999 curas,
213 1937 277 1980 cum
290 1921 335 1982 ius
351 1922 418 1982 milri
434 1922 548 1983 dederis
564 1922 709 1982 referendi
722 1921 757 1981 ad
772 1930 801 1981 te
814 1920 850 1981 de
866 1921 970 1999 quibus
987 1919 1096 1980 dubito.
1106 1934 1141 1989 20

62 2003 121 2068 tln
137 2005 285 2085 plerisque
302 2006 480 2088 civitatibus,
496 2009 616 2068 manime
631 2004 816 2067 Nicomediae
832 2013 861 2064 et
875 2003 1020 2082 Nicaeae,
1038 2005 1098 2082 qui-

90 2089 153 2150 dam
166 2089 214 2150 vel
236 2093 263 2150 in
285 2107 358 2170 opus
380 2090 498 2152 damnati
517 2091 566 2152 vel
587 2092 615 2151 in
636 2091 731 2151 ludum
751 2089 910 2168 similiaque
930 2089 975 2149 his
991 2104 1099 2168 genera

90 2191 245 2253 poenarum
266 2175 445 2254 publicorum
466 2193 613 2237 servorum
635 2176 731 2235 officio
745 2175 962 2253 ministerioque
977 2172 1098 2251 lungun·

89 2269 135 2319 tur
148 2268 233 2337 atque
245 2260 329 2319 etiam
339 2269 369 2319 ut
381 2260 488 2338 publici
499 2261 576 2321 servi
588 2277 678 2320 annua
692 2258 842 2337 accipiunt.
867 2257 952 2331 Quod
964 2276 1022 2335 ego
1035 2274 1099 2317 curn

63 2341 243 2418 iaudissem,
261 2342 307 2401 diu
322 2343 496 2422 multumque
510 2344 648 2406 haesitavi
663 2343 730 2423 quid
745 2342 843 2403 iacere
860 2341 1006 2402 deberem.
1027 2340 1138 2409 Nomia

90 2432 120 2484 et
139 2422 262 2482 reddere
284 2443 398 2503 poenae
420 2437 485 2506 post
503 2428 619 2505 longum
641 2437 752 2506 tempus
769 2426 928 2506 plerosque
941 2427 996 2486 iam
1011 2442 1097 2487 senes

89 2515 128 2583 et,
146 2515 279 2585 quantum
293 2507 468 2586 adfirmatur,
490 2511 640 2588 frugaliter
659 2510 847 2590 modesteque
868 2512 1001 2570 viventes
1015 2511 1097 2571 nimis

90 2608 222 2651 severum
236 2591 402 2671 arbitrabar,
419 2603 448 2653 et
462 2595 623 2673 inpublicis
636 2596 739 2657 officiis
750 2598 875 2656 retinere
886 2594 1031 2656 damnatos
1042 2610 1098 2654 uon

89 2678 157 2739 satis
179 2676 330 2737 honestum
349 2677 495 2758 putabam;
522 2679 640 2742 eosdem
661 2698 760 2741 rursus
784 2698 801 2740 a
826 2679 997 2760 republica
1018 2678 1098 2758 pasci

63 2764 200 2824 Actiosos
214 2761 330 2842 inutile,
345 2780 403 2823 oon
417 2767 497 2843 pasci
512 2766 595 2827 etiam
609 2763 802 2845 periculosum
817 2765 1019 2826 existimabam.
1039 2761 1141 2826 Nauio

90 2848 218 2908 cessario
232 2864 302 2924 ergo
316 2866 377 2908 reni
391 2858 489 2927 totam,
506 2849 571 2911 dum
581 2859 611 2910 te
628 2847 824 2927 consulerem,
843 2851 871 2908 in
893 2864 1037 2928 suspenso
1051 2866 1097 2926 re·

88 2929 168 3007 liqui.
203 2930 332 3003 Quaeres
353 2933 478 2995 fortasse
499 2933 733 3013 quemadmodum
756 2933 885 2993 evenerit
906 2943 937 2993 ut
951 2933 1055 3013 poenis
1070 2933 1098 2991 iu

90 3030 160 3091 quas
182 3013 302 3075 damnati
324 3027 403 3078 erant
423 3017 654 3079 exsolverentur:
678 3027 708 3079 et
728 3036 784 3095 ego
805 3018 931 3096 quaesii,
955 3016 1008 3078 scd
1029 3014 1097 3076 nibil

90 3099 208 3176 cooperi
229 3099 305 3178 quod
324 3100 471 3162 adfirmare
493 3104 543 3164 tibi
568 3103 685 3181 possim.
717 3101 755 3162 Ut
771 3101 886 3164 decreta
903 3103 1006 3181 quibus
1022 3101 1097 3162 dam·

37 3217 39 3221 «
89 3183 146 3241 uati
167 3193 247 3242 erant
267 3184 502 3266 proferebantur,
525 3187 564 3246 ita
583 3185 661 3246 nulla
680 3187 850 3248 monimenta
864 3187 967 3266 quibus
982 3184 1139 3248 liberatibt

63 3267 287 3344 5probarentur.
315 3266 402 3329 lirant
416 3280 508 3332 tamen
520 3270 568 3350 qui
588 3268 716 3330 dicerent
729 3269 920 3350 deprecantes
935 3273 1016 3332 iussu
1030 3287 1097 3352 pro·

92 3350 240 3410 cousulurn
250 3350 446 3428 legatorumve
456 3355 597 3417 dimissos.
620 3352 754 3417 Addebat
764 3357 848 3419 iidem
864 3356 941 3436 quod
957 3352 1100 3417 credibile

91 3441 151 3492 crat
165 3437 305 3495 neminem
319 3436 376 3497 boc
392 3455 489 3500 ausum
504 3441 568 3501 siue
582 3448 709 3504 auctore.
