<?xml version="1.0" encoding="UTF-8"?>
<!DOCTYPE html PUBLIC "-//W3C//DTD XHTML 1.0 Transitional//EN"
    "http://www.w3.org/TR/xhtml1/DTD/xhtml1-transitional.dtd">
<html xmlns="http://www.w3.org/1999/xhtml" xml:lang="en" lang="en">
 <head>
  <title>
</title>
<meta http-equiv="Content-Type" content="text/html;charset=utf-8" />
  <meta name='ocr-system' content='tesseract 3.04.00' />
  <meta name='ocr-capabilities' content='ocr_page ocr_carea ocr_par ocr_line ocrx_word'/>
</head>
<body>
  <div class='ocr_page' id='page_1' title='image "./cplinicaecilise01plingoog_0129.png"; bbox 0 0 2400 3840; ppageno 0'>
   <div class='ocr_carea' id='block_1_1' title="bbox 161 187 733 256">
    <p class='ocr_par' dir='ltr' id='par_1_1' title="bbox 161 187 733 256">
     <span class='ocr_line' id='line_1_1' title="bbox 161 187 733 256; baseline -0.014 -1"><span class='ocrx_word' id='word_1_1' title='bbox 161 192 225 256; x_wconf 79' lang='lat'><strong>102</strong></span> <span class='ocrx_word' id='word_1_2' title='bbox 582 187 616 250; x_wconf 75' lang='lat' dir='ltr'><strong>(J.</strong></span> <span class='ocrx_word' id='word_1_3' title='bbox 636 187 733 255; x_wconf 76' lang='lat' dir='ltr'><strong>Plani</strong></span> 
     </span>
    </p>
   </div>
   <div class='ocr_carea' id='block_1_2' title="bbox 118 337 1189 2258">
    <p class='ocr_par' dir='ltr' id='par_1_2' title="bbox 118 337 1189 2258">
     <span class='ocr_line' id='line_1_2' title="bbox 160 337 1147 422; baseline -0.007 -18"><span class='ocrx_word' id='word_1_4' title='bbox 160 355 224 404; x_wconf 91' lang='lat' dir='ltr'><strong>runt</strong></span> <span class='ocrx_word' id='word_1_5' title='bbox 239 360 336 402; x_wconf 88' lang='lat' dir='ltr'><strong>omnes</strong></span> <span class='ocrx_word' id='word_1_6' title='bbox 353 352 468 422; x_wconf 90' lang='lat' dir='ltr'><strong>praeter</strong></span> <span class='ocrx_word' id='word_1_7' title='bbox 482 341 599 403; x_wconf 77' lang='lat' dir='ltr'><strong>Fabium</strong></span> <span class='ocrx_word' id='word_1_8' title='bbox 613 341 730 420; x_wconf 83' lang='lat' dir='ltr'><strong>Aprum.</strong></span> <span class='ocrx_word' id='word_1_9' title='bbox 750 338 779 399; x_wconf 88' lang='lat' dir='ltr'><strong>ls</strong></span> <span class='ocrx_word' id='word_1_10' title='bbox 792 337 1021 399; x_wconf 86' lang='lat' dir='ltr'><strong>interdicendum</strong></span> <span class='ocrx_word' id='word_1_11' title='bbox 1037 341 1064 399; x_wconf 90' lang='lat' dir='ltr'><strong>ei</strong></span> <span class='ocrx_word' id='word_1_12' title='bbox 1077 337 1147 401; x_wconf 83' lang='lat' dir='ltr'><strong>adso·</strong></span> 
     </span>
     <span class='ocr_line' id='line_1_3' title="bbox 161 423 1147 505; baseline -0.003 -17"><span class='ocrx_word' id='word_1_13' title='bbox 161 426 319 488; x_wconf 88' lang='lat' dir='ltr'><strong>cationibus</strong></span> <span class='ocrx_word' id='word_1_14' title='bbox 331 426 358 485; x_wconf 95' lang='lat' dir='ltr'><strong>in</strong></span> <span class='ocrx_word' id='word_1_15' title='bbox 370 426 589 505; x_wconf 87' lang='lat' dir='ltr'><strong>quinquennium</strong></span> <span class='ocrx_word' id='word_1_16' title='bbox 604 426 724 502; x_wconf 88' lang='lat' dir='ltr'><strong>censuit,</strong></span> <span class='ocrx_word' id='word_1_17' title='bbox 736 432 765 483; x_wconf 87' lang='lat' dir='ltr'><strong>et</strong></span> <span class='ocrx_word' id='word_1_18' title='bbox 777 424 904 503; x_wconf 83' lang='lat' dir='ltr'><strong>quamvis</strong></span> <span class='ocrx_word' id='word_1_19' title='bbox 915 423 1058 483; x_wconf 87' lang='lat' dir='ltr'><strong>neminem</strong></span> <span class='ocrx_word' id='word_1_20' title='bbox 1065 432 1147 485; x_wconf 77' lang='lat' dir='ltr'><strong>mco·</strong></span> 
     </span>
     <span class='ocr_line' id='line_1_4' title="bbox 159 506 1148 587; baseline -0.004 -17"><span class='ocrx_word' id='word_1_21' title='bbox 159 513 242 571; x_wconf 88' lang='lat' dir='ltr'><strong>ritate</strong></span> <span class='ocrx_word' id='word_1_22' title='bbox 259 509 402 587; x_wconf 73' lang='lat' dir='ltr'><strong>traxisset,</strong></span> <span class='ocrx_word' id='word_1_23' title='bbox 420 518 583 571; x_wconf 89' lang='lat' dir='ltr'><strong>constanter</strong></span> <span class='ocrx_word' id='word_1_24' title='bbox 593 510 621 568; x_wconf 92' lang='lat' dir='ltr'><strong>iu</strong></span> <span class='ocrx_word' id='word_1_25' title='bbox 633 507 772 568; x_wconf 88' lang='lat' dir='ltr'><strong>sententia</strong></span> <span class='ocrx_word' id='word_1_26' title='bbox 782 507 898 567; x_wconf 87' lang='lat' dir='ltr'><strong>mansit:</strong></span> <span class='ocrx_word' id='word_1_27' title='bbox 915 508 985 586; x_wconf 94' lang='lat' dir='ltr'><strong>quin</strong></span> <span class='ocrx_word' id='word_1_28' title='bbox 995 508 1079 568; x_wconf 88' lang='lat' dir='ltr'><strong>etium</strong></span> <span class='ocrx_word' id='word_1_29' title='bbox 1086 506 1148 567; x_wconf 77' lang='lat' dir='ltr'><strong>uex-</strong></span> 
     </span>
     <span class='ocr_line' id='line_1_5' title="bbox 160 589 1148 672; baseline -0.005 -18"><span class='ocrx_word' id='word_1_30' title='bbox 160 604 249 672; x_wconf 90' lang='lat' dir='ltr'><strong>trum,</strong></span> <span class='ocrx_word' id='word_1_31' title='bbox 274 595 321 672; x_wconf 95' lang='lat' dir='ltr'><strong>qui</strong></span> <span class='ocrx_word' id='word_1_32' title='bbox 337 595 443 672; x_wconf 91' lang='lat' dir='ltr'><strong>primus</strong></span> <span class='ocrx_word' id='word_1_33' title='bbox 459 593 601 655; x_wconf 87' lang='lat' dir='ltr'><strong>diversum</strong></span> <span class='ocrx_word' id='word_1_34' title='bbox 615 600 782 668; x_wconf 90' lang='lat' dir='ltr'><strong>censuerat,</strong></span> <span class='ocrx_word' id='word_1_35' title='bbox 796 589 908 670; x_wconf 85' lang='lat' dir='ltr'><strong>prolata</strong></span> <span class='ocrx_word' id='word_1_36' title='bbox 924 589 995 669; x_wconf 82' lang='lat' dir='ltr'><strong>lege</strong></span> <span class='ocrx_word' id='word_1_37' title='bbox 1012 590 1049 652; x_wconf 90' lang='lat' dir='ltr'><strong>de</strong></span> <span class='ocrx_word' id='word_1_38' title='bbox 1065 599 1148 651; x_wconf 89' lang='lat' dir='ltr'><strong>semtu</strong></span> 
     </span>
     <span class='ocr_line' id='line_1_6' title="bbox 135 671 1166 756; baseline -0.003 -20"><span class='ocrx_word' id='word_1_39' title='bbox 135 677 292 738; x_wconf 73' lang='lat' dir='ltr'><strong>thabendo</strong></span> <span class='ocrx_word' id='word_1_40' title='bbox 306 679 398 738; x_wconf 88' lang='lat' dir='ltr'><strong>iurare</strong></span> <span class='ocrx_word' id='word_1_41' title='bbox 410 678 507 756; x_wconf 78' lang='lat' dir='ltr'><strong>cotgit</strong></span> <span class='ocrx_word' id='word_1_42' title='bbox 521 697 538 738; x_wconf 93' lang='lat' dir='ltr'><strong>c</strong></span> <span class='ocrx_word' id='word_1_43' title='bbox 552 694 585 736; x_wconf 92' lang='lat' dir='ltr'><strong>re</strong></span> <span class='ocrx_word' id='word_1_44' title='bbox 601 674 715 754; x_wconf 86' lang='lat' dir='ltr'><strong>publica</strong></span> <span class='ocrx_word' id='word_1_45' title='bbox 730 692 798 736; x_wconf 89' lang='lat' dir='ltr'><strong>esse</strong></span> <span class='ocrx_word' id='word_1_46' title='bbox 813 673 891 754; x_wconf 94' lang='lat' dir='ltr'><strong>quod</strong></span> <span class='ocrx_word' id='word_1_47' title='bbox 906 674 1079 735; x_wconf 84' lang='lat' dir='ltr'><strong>censuisset.</strong></span> <span class='ocrx_word' id='word_1_48' title='bbox 1108 671 1166 733; x_wconf 82' lang='lat' dir='ltr'><strong>tris</strong></span> 
     </span>
     <span class='ocr_line' id='line_1_7' title="bbox 161 756 1149 841; baseline -0.007 -20"><span class='ocrx_word' id='word_1_49' title='bbox 161 780 327 841; x_wconf 86' lang='lat' dir='ltr'><strong>quamquam</strong></span> <span class='ocrx_word' id='word_1_50' title='bbox 342 760 486 839; x_wconf 80' lang='lat' dir='ltr'><strong>legitimae</strong></span> <span class='ocrx_word' id='word_1_51' title='bbox 501 758 712 839; x_wconf 79' lang='lat' dir='ltr'><strong>postulationis</strong></span> <span class='ocrx_word' id='word_1_52' title='bbox 726 756 894 837; x_wconf 89' lang='lat' dir='ltr'><strong>quibusdam</strong></span> <span class='ocrx_word' id='word_1_53' title='bbox 908 756 1094 820; x_wconf 76' lang='lat' dir='ltr'><strong>reclamatum</strong></span> <span class='ocrx_word' id='word_1_54' title='bbox 1105 765 1149 818; x_wconf 83' lang='lat' dir='ltr'><strong>est.</strong></span> 
     </span>
     <span class='ocr_line' id='line_1_8' title="bbox 159 839 1148 924; baseline -0.007 -18"><span class='ocrx_word' id='word_1_55' title='bbox 159 844 342 924; x_wconf 81' lang='lat' dir='ltr'><strong>Exprobrare</strong></span> <span class='ocrx_word' id='word_1_56' title='bbox 360 847 436 905; x_wconf 92' lang='lat' dir='ltr'><strong>enim</strong></span> <span class='ocrx_word' id='word_1_57' title='bbox 457 845 585 904; x_wconf 90' lang='lat' dir='ltr'><strong>censenti</strong></span> <span class='ocrx_word' id='word_1_58' title='bbox 608 842 788 904; x_wconf 88' lang='lat' dir='ltr'><strong>ambitionem</strong></span> <span class='ocrx_word' id='word_1_59' title='bbox 807 840 968 902; x_wconf 84' lang='lat' dir='ltr'><strong>ridebatur.</strong></span> <span class='ocrx_word' id='word_1_60' title='bbox 1007 839 1067 902; x_wconf 89' lang='lat' dir='ltr'><strong>Sed</strong></span> <span class='ocrx_word' id='word_1_61' title='bbox 1084 841 1148 922; x_wconf 88' lang='lat' dir='ltr'><strong>prius</strong></span> 
     </span>
     <span class='ocr_line' id='line_1_9' title="bbox 160 923 1149 1009; baseline -0.006 -19"><span class='ocrx_word' id='word_1_62' title='bbox 160 948 243 1009; x_wconf 85' lang='lat' dir='ltr'><strong>quarn</strong></span> <span class='ocrx_word' id='word_1_63' title='bbox 257 929 415 990; x_wconf 88' lang='lat' dir='ltr'><strong>sententiae</strong></span> <span class='ocrx_word' id='word_1_64' title='bbox 432 925 604 1002; x_wconf 80' lang='lat' dir='ltr'><strong>dicerentur,</strong></span> <span class='ocrx_word' id='word_1_65' title='bbox 627 924 773 1003; x_wconf 78' lang='lat' dir='ltr'><strong>Nigrinus,</strong></span> <span class='ocrx_word' id='word_1_66' title='bbox 787 923 1049 1004; x_wconf 86' lang='lat' dir='ltr'><strong>tribunusplebis,</strong></span> <span class='ocrx_word' id='word_1_67' title='bbox 1064 925 1149 985; x_wconf 89' lang='lat' dir='ltr'><strong>recita·</strong></span> 
     </span>
     <span class='ocr_line' id='line_1_10' title="bbox 159 1008 1150 1087; baseline -0.006 -15"><span class='ocrx_word' id='word_1_68' title='bbox 159 1015 199 1072; x_wconf 87' lang='lat' dir='ltr'><strong>vit</strong></span> <span class='ocrx_word' id='word_1_69' title='bbox 214 1010 343 1071; x_wconf 85' lang='lat' dir='ltr'><strong>libellum</strong></span> <span class='ocrx_word' id='word_1_70' title='bbox 358 1008 493 1071; x_wconf 91' lang='lat' dir='ltr'><strong>disertum</strong></span> <span class='ocrx_word' id='word_1_71' title='bbox 509 1019 538 1070; x_wconf 88' lang='lat' dir='ltr'><strong>et</strong></span> <span class='ocrx_word' id='word_1_72' title='bbox 554 1026 680 1087; x_wconf 79' lang='lat' dir='ltr'><strong>gravem,</strong></span> <span class='ocrx_word' id='word_1_73' title='bbox 698 1026 754 1087; x_wconf 91' lang='lat' dir='ltr'><strong>quo</strong></span> <span class='ocrx_word' id='word_1_74' title='bbox 769 1017 888 1086; x_wconf 90' lang='lat' dir='ltr'><strong>questus</strong></span> <span class='ocrx_word' id='word_1_75' title='bbox 903 1017 951 1069; x_wconf 90' lang='lat' dir='ltr'><strong>est</strong></span> <span class='ocrx_word' id='word_1_76' title='bbox 965 1010 1067 1071; x_wconf 81' lang='lat' dir='ltr'><strong>venire</strong></span> <span class='ocrx_word' id='word_1_77' title='bbox 1079 1009 1150 1070; x_wconf 85' lang='lat' dir='ltr'><strong>adro·</strong></span> 
     </span>
     <span class='ocr_line' id='line_1_11' title="bbox 160 1090 1178 1172; baseline 0.002 -19"><span class='ocrx_word' id='word_1_78' title='bbox 160 1096 304 1169; x_wconf 89' lang='lat' dir='ltr'><strong>cationes,</strong></span> <span class='ocrx_word' id='word_1_79' title='bbox 328 1095 425 1152; x_wconf 88' lang='lat' dir='ltr'><strong>venire</strong></span> <span class='ocrx_word' id='word_1_80' title='bbox 441 1093 525 1152; x_wconf 88' lang='lat' dir='ltr'><strong>etiam</strong></span> <span class='ocrx_word' id='word_1_81' title='bbox 538 1094 811 1172; x_wconf 74' lang='lat' dir='ltr'><strong>praevaricationes,</strong></span> <span class='ocrx_word' id='word_1_82' title='bbox 827 1092 855 1151; x_wconf 91' lang='lat' dir='ltr'><strong>in</strong></span> <span class='ocrx_word' id='word_1_83' title='bbox 869 1090 936 1152; x_wconf 88' lang='lat' dir='ltr'><strong>lites</strong></span> <span class='ocrx_word' id='word_1_84' title='bbox 954 1093 1045 1171; x_wconf 89' lang='lat' dir='ltr'><strong>coiri,</strong></span> <span class='ocrx_word' id='word_1_85' title='bbox 1060 1102 1090 1155; x_wconf 93' lang='lat' dir='ltr'><strong>et</strong></span> <span class='ocrx_word' id='word_1_86' title='bbox 1102 1091 1178 1172; x_wconf 75' lang='lat' dir='ltr'><strong>glan</strong></span> 
     </span>
     <span class='ocr_line' id='line_1_12' title="bbox 136 1174 1151 1255; baseline 0 -20"><span class='ocrx_word' id='word_1_87' title='bbox 136 1177 217 1236; x_wconf 81' lang='lat' dir='ltr'><strong>triae</strong></span> <span class='ocrx_word' id='word_1_88' title='bbox 234 1175 301 1235; x_wconf 88' lang='lat' dir='ltr'><strong>loco</strong></span> <span class='ocrx_word' id='word_1_89' title='bbox 316 1176 383 1254; x_wconf 91' lang='lat' dir='ltr'><strong>poni</strong></span> <span class='ocrx_word' id='word_1_90' title='bbox 398 1194 435 1235; x_wconf 86' lang='lat' dir='ltr'><strong>ex</strong></span> <span class='ocrx_word' id='word_1_91' title='bbox 448 1174 550 1254; x_wconf 91' lang='lat' dir='ltr'><strong>spoliis</strong></span> <span class='ocrx_word' id='word_1_92' title='bbox 566 1177 667 1236; x_wconf 86' lang='lat' dir='ltr'><strong>civium</strong></span> <span class='ocrx_word' id='word_1_93' title='bbox 681 1193 799 1255; x_wconf 78' lang='lat' dir='ltr'><strong>magnos</strong></span> <span class='ocrx_word' id='word_1_94' title='bbox 814 1184 843 1236; x_wconf 89' lang='lat' dir='ltr'><strong>et</strong></span> <span class='ocrx_word' id='word_1_95' title='bbox 860 1183 952 1237; x_wconf 87' lang='lat' dir='ltr'><strong>statos</strong></span> <span class='ocrx_word' id='word_1_96' title='bbox 967 1176 1087 1239; x_wconf 78' lang='lat' dir='ltr'><strong>reditus.</strong></span> <span class='ocrx_word' id='word_1_97' title='bbox 1106 1175 1151 1237; x_wconf 79' lang='lat' dir='ltr'><strong>lie·</strong></span> 
     </span>
     <span class='ocr_line' id='line_1_13' title="bbox 161 1257 1152 1338; baseline 0 -20"><span class='ocrx_word' id='word_1_98' title='bbox 161 1259 257 1319; x_wconf 87' lang='lat' dir='ltr'><strong>citavit</strong></span> <span class='ocrx_word' id='word_1_99' title='bbox 277 1261 369 1337; x_wconf 85' lang='lat' dir='ltr'><strong>capita</strong></span> <span class='ocrx_word' id='word_1_100' title='bbox 389 1259 502 1338; x_wconf 79' lang='lat' dir='ltr'><strong>legum,</strong></span> <span class='ocrx_word' id='word_1_101' title='bbox 525 1259 666 1321; x_wconf 87' lang='lat' dir='ltr'><strong>admonuit</strong></span> <span class='ocrx_word' id='word_1_102' title='bbox 687 1270 802 1321; x_wconf 89' lang='lat' dir='ltr'><strong>senatus</strong></span> <span class='ocrx_word' id='word_1_103' title='bbox 824 1257 1038 1320; x_wconf 85' lang='lat' dir='ltr'><strong>consultorum:</strong></span> <span class='ocrx_word' id='word_1_104' title='bbox 1062 1262 1091 1321; x_wconf 92' lang='lat' dir='ltr'><strong>in</strong></span> <span class='ocrx_word' id='word_1_105' title='bbox 1109 1261 1152 1320; x_wconf 88' lang='lat' dir='ltr'><strong>iiue</strong></span> 
     </span>
     <span class='ocr_line' id='line_1_14' title="bbox 160 1341 1152 1423; baseline 0.003 -20"><span class='ocrx_word' id='word_1_106' title='bbox 160 1343 229 1403; x_wconf 82' lang='lat' dir='ltr'><strong>dixit</strong></span> <span class='ocrx_word' id='word_1_107' title='bbox 242 1341 396 1422; x_wconf 89' lang='lat' dir='ltr'><strong>petendum</strong></span> <span class='ocrx_word' id='word_1_108' title='bbox 411 1344 445 1404; x_wconf 88' lang='lat' dir='ltr'><strong>ab</strong></span> <span class='ocrx_word' id='word_1_109' title='bbox 463 1345 569 1422; x_wconf 91' lang='lat' dir='ltr'><strong>optimo</strong></span> <span class='ocrx_word' id='word_1_110' title='bbox 585 1345 714 1423; x_wconf 88' lang='lat' dir='ltr'><strong>principe</strong></span> <span class='ocrx_word' id='word_1_111' title='bbox 727 1353 767 1421; x_wconf 91' lang='lat' dir='ltr'><strong>ut,</strong></span> <span class='ocrx_word' id='word_1_112' title='bbox 783 1345 848 1423; x_wconf 87' lang='lat' dir='ltr'><strong>quia</strong></span> <span class='ocrx_word' id='word_1_113' title='bbox 858 1341 956 1422; x_wconf 81' lang='lat' dir='ltr'><strong>leges,</strong></span> <span class='ocrx_word' id='word_1_114' title='bbox 970 1344 1037 1423; x_wconf 89' lang='lat' dir='ltr'><strong>quia</strong></span> <span class='ocrx_word' id='word_1_115' title='bbox 1050 1353 1152 1406; x_wconf 81' lang='lat' dir='ltr'><strong>senatu</strong></span> 
     </span>
     <span class='ocr_line' id='line_1_15' title="bbox 134 1426 1152 1507; baseline -0.002 -21"><span class='ocrx_word' id='word_1_116' title='bbox 134 1426 291 1487; x_wconf 73' lang='lat' dir='ltr'><strong>&amp;consulta</strong></span> <span class='ocrx_word' id='word_1_117' title='bbox 307 1437 570 1504; x_wconf 79' lang='lat' dir='ltr'><strong>contemnerentur,</strong></span> <span class='ocrx_word' id='word_1_118' title='bbox 592 1430 655 1507; x_wconf 92' lang='lat' dir='ltr'><strong>ipse</strong></span> <span class='ocrx_word' id='word_1_119' title='bbox 676 1429 758 1488; x_wconf 90' lang='lat' dir='ltr'><strong>tantis</strong></span> <span class='ocrx_word' id='word_1_120' title='bbox 781 1429 856 1488; x_wconf 88' lang='lat' dir='ltr'><strong>vitiis</strong></span> <span class='ocrx_word' id='word_1_121' title='bbox 870 1426 1048 1488; x_wconf 88' lang='lat' dir='ltr'><strong>mederetur.</strong></span> <span class='ocrx_word' id='word_1_122' title='bbox 1080 1427 1152 1489; x_wconf 88' lang='lat' dir='ltr'><strong>Pauci</strong></span> 
     </span>
     <span class='ocr_line' id='line_1_16' title="bbox 160 1509 1182 1591; baseline 0 -21"><span class='ocrx_word' id='word_1_123' title='bbox 160 1510 239 1589; x_wconf 92' lang='lat' dir='ltr'><strong>dies,</strong></span> <span class='ocrx_word' id='word_1_124' title='bbox 266 1519 296 1571; x_wconf 87' lang='lat' dir='ltr'><strong>et</strong></span> <span class='ocrx_word' id='word_1_125' title='bbox 316 1510 390 1571; x_wconf 90' lang='lat' dir='ltr'><strong>liber</strong></span> <span class='ocrx_word' id='word_1_126' title='bbox 406 1513 542 1591; x_wconf 92' lang='lat' dir='ltr'><strong>principis</strong></span> <span class='ocrx_word' id='word_1_127' title='bbox 567 1529 687 1572; x_wconf 88' lang='lat' dir='ltr'><strong>severus</strong></span> <span class='ocrx_word' id='word_1_128' title='bbox 705 1520 845 1571; x_wconf 90' lang='lat' dir='ltr'><strong>ettamen</strong></span> <span class='ocrx_word' id='word_1_129' title='bbox 864 1509 1049 1573; x_wconf 89' lang='lat' dir='ltr'><strong>moderatus:</strong></span> <span class='ocrx_word' id='word_1_130' title='bbox 1080 1511 1182 1590; x_wconf 77' lang='lat' dir='ltr'><strong>legesli</strong></span> 
     </span>
     <span class='ocr_line' id='line_1_17' title="bbox 160 1592 1153 1674; baseline 0.002 -22"><span class='ocrx_word' id='word_1_131' title='bbox 160 1596 267 1672; x_wconf 90' lang='lat' dir='ltr'><strong>ipsum;</strong></span> <span class='ocrx_word' id='word_1_132' title='bbox 280 1594 365 1654; x_wconf 88' lang='lat' dir='ltr'><strong>estin</strong></span> <span class='ocrx_word' id='word_1_133' title='bbox 377 1594 589 1672; x_wconf 88' lang='lat' dir='ltr'><strong>publicisactis.</strong></span> <span class='ocrx_word' id='word_1_134' title='bbox 607 1592 697 1667; x_wconf 85' lang='lat' dir='ltr'><strong>Quam</strong></span> <span class='ocrx_word' id='word_1_135' title='bbox 707 1612 752 1654; x_wconf 90' lang='lat' dir='ltr'><strong>me</strong></span> <span class='ocrx_word' id='word_1_136' title='bbox 763 1594 838 1655; x_wconf 87' lang='lat' dir='ltr'><strong>iuvat</strong></span> <span class='ocrx_word' id='word_1_137' title='bbox 848 1593 964 1673; x_wconf 84' lang='lat' dir='ltr'><strong>quadiu</strong></span> <span class='ocrx_word' id='word_1_138' title='bbox 974 1597 1071 1659; x_wconf 90' lang='lat' dir='ltr'><strong>causis</strong></span> <span class='ocrx_word' id='word_1_139' title='bbox 1079 1613 1153 1674; x_wconf 81' lang='lat' dir='ltr'><strong>agen·</strong></span> 
     </span>
     <span class='ocr_line' id='line_1_18' title="bbox 162 1675 1153 1753; baseline 0.004 -18"><span class='ocrx_word' id='word_1_140' title='bbox 162 1676 204 1735; x_wconf 91' lang='lat' dir='ltr'><strong>dis</strong></span> <span class='ocrx_word' id='word_1_141' title='bbox 224 1693 281 1735; x_wconf 93' lang='lat' dir='ltr'><strong>nou</strong></span> <span class='ocrx_word' id='word_1_142' title='bbox 297 1675 382 1734; x_wconf 91' lang='lat' dir='ltr'><strong>modo</strong></span> <span class='ocrx_word' id='word_1_143' title='bbox 398 1678 531 1753; x_wconf 86' lang='lat' dir='ltr'><strong>pactione</strong></span> <span class='ocrx_word' id='word_1_144' title='bbox 546 1677 620 1736; x_wconf 92' lang='lat' dir='ltr'><strong>dono</strong></span> <span class='ocrx_word' id='word_1_145' title='bbox 638 1695 755 1738; x_wconf 89' lang='lat' dir='ltr'><strong>munere</strong></span> <span class='ocrx_word' id='word_1_146' title='bbox 770 1678 970 1740; x_wconf 88' lang='lat' dir='ltr'><strong>verumetiam</strong></span> <span class='ocrx_word' id='word_1_147' title='bbox 983 1682 1077 1741; x_wconf 82' lang='lat' dir='ltr'><strong>xeniis</strong></span> <span class='ocrx_word' id='word_1_148' title='bbox 1091 1695 1153 1741; x_wconf 89' lang='lat' dir='ltr'><strong>sem·</strong></span> 
     </span>
     <span class='ocr_line' id='line_1_19' title="bbox 136 1757 1156 1843; baseline 0.006 -28"><span class='ocrx_word' id='word_1_149' title='bbox 136 1762 214 1835; x_wconf 87' lang='lat' dir='ltr'><strong>9per</strong></span> <span class='ocrx_word' id='word_1_150' title='bbox 233 1757 367 1818; x_wconf 86' lang='lat' dir='ltr'><strong>abstinui!</strong></span> <span class='ocrx_word' id='word_1_151' title='bbox 390 1757 511 1837; x_wconf 88' lang='lat' dir='ltr'><strong>Oportet</strong></span> <span class='ocrx_word' id='word_1_152' title='bbox 526 1759 639 1837; x_wconf 91' lang='lat' dir='ltr'><strong>quidem</strong></span> <span class='ocrx_word' id='word_1_153' title='bbox 660 1779 732 1839; x_wconf 91' lang='lat' dir='ltr'><strong>quae</strong></span> <span class='ocrx_word' id='word_1_154' title='bbox 754 1770 820 1822; x_wconf 92' lang='lat' dir='ltr'><strong>sunt</strong></span> <span class='ocrx_word' id='word_1_155' title='bbox 837 1759 991 1824; x_wconf 87' lang='lat' dir='ltr'><strong>inhonesta</strong></span> <span class='ocrx_word' id='word_1_156' title='bbox 1011 1781 1070 1824; x_wconf 90' lang='lat' dir='ltr'><strong>non</strong></span> <span class='ocrx_word' id='word_1_157' title='bbox 1086 1761 1156 1843; x_wconf 87' lang='lat' dir='ltr'><strong>quasi</strong></span> 
     </span>
     <span class='ocr_line' id='line_1_20' title="bbox 160 1838 1155 1927; baseline 0.009 -30"><span class='ocrx_word' id='word_1_158' title='bbox 160 1838 265 1900; x_wconf 91' lang='lat' dir='ltr'><strong>inlicita</strong></span> <span class='ocrx_word' id='word_1_159' title='bbox 284 1840 336 1901; x_wconf 91' lang='lat' dir='ltr'><strong>sed</strong></span> <span class='ocrx_word' id='word_1_160' title='bbox 354 1844 433 1919; x_wconf 87' lang='lat' dir='ltr'><strong>quasi</strong></span> <span class='ocrx_word' id='word_1_161' title='bbox 449 1841 580 1920; x_wconf 89' lang='lat' dir='ltr'><strong>pudenda</strong></span> <span class='ocrx_word' id='word_1_162' title='bbox 595 1845 700 1903; x_wconf 86' lang='lat' dir='ltr'><strong>vitare:</strong></span> <span class='ocrx_word' id='word_1_163' title='bbox 727 1844 877 1906; x_wconf 90' lang='lat' dir='ltr'><strong>iucundum</strong></span> <span class='ocrx_word' id='word_1_164' title='bbox 896 1854 1011 1924; x_wconf 88' lang='lat' dir='ltr'><strong>tamen,</strong></span> <span class='ocrx_word' id='word_1_165' title='bbox 1031 1850 1056 1910; x_wconf 85' lang='lat' dir='ltr'><strong>si</strong></span> <span class='ocrx_word' id='word_1_166' title='bbox 1070 1846 1155 1927; x_wconf 88' lang='lat' dir='ltr'><strong>prohi-</strong></span> 
     </span>
     <span class='ocr_line' id='line_1_21' title="bbox 118 1923 1189 2008; baseline 0.008 -29"><span class='ocrx_word' id='word_1_167' title='bbox 118 1923 222 1983; x_wconf 87' lang='lat' dir='ltr'><strong>lobeni</strong></span> <span class='ocrx_word' id='word_1_168' title='bbox 244 1923 360 2004; x_wconf 88' lang='lat' dir='ltr'><strong>publice</strong></span> <span class='ocrx_word' id='word_1_169' title='bbox 379 1925 477 1986; x_wconf 82' lang='lat' dir='ltr'><strong>videas</strong></span> <span class='ocrx_word' id='word_1_170' title='bbox 499 1928 574 2004; x_wconf 91' lang='lat' dir='ltr'><strong>quod</strong></span> <span class='ocrx_word' id='word_1_171' title='bbox 591 1944 740 2005; x_wconf 86' lang='lat' dir='ltr'><strong>numquam</strong></span> <span class='ocrx_word' id='word_1_172' title='bbox 753 1929 804 1988; x_wconf 89' lang='lat' dir='ltr'><strong>tibi</strong></span> <span class='ocrx_word' id='word_1_173' title='bbox 818 1929 882 2008; x_wconf 91' lang='lat' dir='ltr'><strong>ipse</strong></span> <span class='ocrx_word' id='word_1_174' title='bbox 897 1931 1077 2008; x_wconf 85' lang='lat' dir='ltr'><strong>permiseris.</strong></span> <span class='ocrx_word' id='word_1_175' title='bbox 1103 1929 1189 1990; x_wconf 80' lang='lat' dir='ltr'><strong>Eritit</strong></span> 
     </span>
     <span class='ocr_line' id='line_1_22' title="bbox 157 2006 1157 2089; baseline 0.008 -23"><span class='ocrx_word' id='word_1_176' title='bbox 157 2006 299 2086; x_wconf 85' lang='lat' dir='ltr'><strong>fortasse,</strong></span> <span class='ocrx_word' id='word_1_177' title='bbox 321 2010 405 2070; x_wconf 92' lang='lat' dir='ltr'><strong>immo</strong></span> <span class='ocrx_word' id='word_1_178' title='bbox 425 2028 482 2071; x_wconf 92' lang='lat' dir='ltr'><strong>non</strong></span> <span class='ocrx_word' id='word_1_179' title='bbox 502 2011 586 2071; x_wconf 89' lang='lat' dir='ltr'><strong>dubie</strong></span> <span class='ocrx_word' id='word_1_180' title='bbox 607 2010 689 2070; x_wconf 90' lang='lat' dir='ltr'><strong>huius</strong></span> <span class='ocrx_word' id='word_1_181' title='bbox 709 2013 849 2089; x_wconf 89' lang='lat' dir='ltr'><strong>propositi</strong></span> <span class='ocrx_word' id='word_1_182' title='bbox 868 2015 925 2072; x_wconf 92' lang='lat' dir='ltr'><strong>mei</strong></span> <span class='ocrx_word' id='word_1_183' title='bbox 942 2022 974 2074; x_wconf 90' lang='lat' dir='ltr'><strong>ct</strong></span> <span class='ocrx_word' id='word_1_184' title='bbox 997 2014 1090 2074; x_wconf 89' lang='lat' dir='ltr'><strong>minor</strong></span> <span class='ocrx_word' id='word_1_185' title='bbox 1102 2013 1157 2075; x_wconf 88' lang='lat' dir='ltr'><strong>laus</strong></span> 
     </span>
     <span class='ocr_line' id='line_1_23' title="bbox 158 2093 1158 2177; baseline 0.006 -27"><span class='ocrx_word' id='word_1_186' title='bbox 158 2100 188 2151; x_wconf 88' lang='lat' dir='ltr'><strong>et</strong></span> <span class='ocrx_word' id='word_1_187' title='bbox 205 2094 354 2153; x_wconf 90' lang='lat' dir='ltr'><strong>obscurior</strong></span> <span class='ocrx_word' id='word_1_188' title='bbox 368 2093 451 2172; x_wconf 85' lang='lat' dir='ltr'><strong>iama,</strong></span> <span class='ocrx_word' id='word_1_189' title='bbox 469 2112 532 2153; x_wconf 89' lang='lat' dir='ltr'><strong>cum</strong></span> <span class='ocrx_word' id='word_1_190' title='bbox 547 2111 645 2154; x_wconf 88' lang='lat' dir='ltr'><strong>omnes</strong></span> <span class='ocrx_word' id='word_1_191' title='bbox 657 2111 694 2152; x_wconf 89' lang='lat' dir='ltr'><strong>ex</strong></span> <span class='ocrx_word' id='word_1_192' title='bbox 707 2095 880 2156; x_wconf 84' lang='lat' dir='ltr'><strong>necessitate</strong></span> <span class='ocrx_word' id='word_1_193' title='bbox 896 2095 1004 2159; x_wconf 84' lang='lat' dir='ltr'><strong>facient</strong></span> <span class='ocrx_word' id='word_1_194' title='bbox 1016 2097 1093 2177; x_wconf 91' lang='lat' dir='ltr'><strong>quod</strong></span> <span class='ocrx_word' id='word_1_195' title='bbox 1106 2113 1158 2175; x_wconf 78' lang='lat' dir='ltr'><strong>ego</strong></span> 
     </span>
     <span class='ocr_line' id='line_1_24' title="bbox 157 2176 1158 2258; baseline 0.006 -24"><span class='ocrx_word' id='word_1_196' title='bbox 157 2185 261 2255; x_wconf 89' lang='lat' dir='ltr'><strong>sponte</strong></span> <span class='ocrx_word' id='word_1_197' title='bbox 271 2176 420 2238; x_wconf 85' lang='lat' dir='ltr'><strong>faciebam.</strong></span> <span class='ocrx_word' id='word_1_198' title='bbox 440 2176 554 2238; x_wconf 92' lang='lat' dir='ltr'><strong>Interim</strong></span> <span class='ocrx_word' id='word_1_199' title='bbox 565 2177 646 2237; x_wconf 88' lang='lat' dir='ltr'><strong>fruor</strong></span> <span class='ocrx_word' id='word_1_200' title='bbox 655 2176 813 2256; x_wconf 90' lang='lat' dir='ltr'><strong>voluptate,</strong></span> <span class='ocrx_word' id='word_1_201' title='bbox 827 2197 891 2238; x_wconf 88' lang='lat' dir='ltr'><strong>cum</strong></span> <span class='ocrx_word' id='word_1_202' title='bbox 904 2179 952 2239; x_wconf 88' lang='lat' dir='ltr'><strong>alii</strong></span> <span class='ocrx_word' id='word_1_203' title='bbox 967 2181 1094 2242; x_wconf 83' lang='lat' dir='ltr'><strong>divinum</strong></span> <span class='ocrx_word' id='word_1_204' title='bbox 1106 2198 1158 2258; x_wconf 87' lang='lat' dir='ltr'><strong>me,</strong></span> 
     </span>
    </p>
   </div>
   <div class='ocr_carea' id='block_1_3' title="bbox 157 2258 1194 2409">
    <p class='ocr_par' dir='ltr' id='par_1_3' title="bbox 157 2258 1194 2409">
     <span class='ocr_line' id='line_1_25' title="bbox 157 2258 1194 2400; baseline 0.009 -85"><span class='ocrx_word' id='word_1_205' title='bbox 157 2258 204 2397; x_wconf 63' lang='lat' dir='ltr'><strong>dlii</strong></span> <span class='ocrx_word' id='word_1_206' title='bbox 215 2262 286 2320; x_wconf 91' lang='lat' dir='ltr'><strong>meis</strong></span> <span class='ocrx_word' id='word_1_207' title='bbox 303 2261 419 2398; x_wconf 76' lang='lat' dir='ltr'><strong>rapipis,</strong></span> <span class='ocrx_word' id='word_1_208' title='bbox 435 2276 516 2319; x_wconf 84' lang='lat' dir='ltr'><strong>meae</strong></span> <span class='ocrx_word' id='word_1_209' title='bbox 530 2261 662 2322; x_wconf 83' lang='lat' dir='ltr'><strong>avaritiae</strong></span> <span class='ocrx_word' id='word_1_210' title='bbox 677 2278 826 2322; x_wconf 89' lang='lat' dir='ltr'><strong>occursum</strong></span> <span class='ocrx_word' id='word_1_211' title='bbox 838 2282 891 2342; x_wconf 93' lang='lat' dir='ltr'><strong>per</strong></span> <span class='ocrx_word' id='word_1_212' title='bbox 906 2262 1005 2324; x_wconf 92' lang='lat' dir='ltr'><strong>iudum</strong></span> <span class='ocrx_word' id='word_1_213' title='bbox 1019 2284 1054 2328; x_wconf 88' lang='lat' dir='ltr'><strong>ac</strong></span> <span class='ocrx_word' id='word_1_214' title='bbox 1069 2266 1194 2400; x_wconf 65' lang='lat' dir='ltr'><strong>iocum25</strong></span> 
     </span>
     <span class='ocr_line' id='line_1_26' title="bbox 176 2341 1054 2409; baseline 0.015 -13"><span class='ocrx_word' id='word_1_215' title='bbox 176 2341 293 2400; x_wconf 88' lang='lat' dir='ltr'><strong>ictitant.</strong></span> <span class='ocrx_word' id='word_1_216' title='bbox 354 2359 409 2400; x_wconf 91' lang='lat' dir='ltr'><strong>ae.</strong></span> <span class='ocrx_word' id='word_1_217' title='bbox 1051 2402 1054 2409; x_wconf 85' lang='grc'><em>.</em></span> 
     </span>
    </p>
   </div>
   <div class='ocr_carea' id='block_1_4' title="bbox 325 2475 871 2626">
    <p class='ocr_par' dir='ltr' id='par_1_4' title="bbox 325 2475 871 2626">
     <span class='ocr_line' id='line_1_27' title="bbox 554 2475 754 2556; baseline -0.005 -20"><span class='ocrx_word' id='word_1_218' title='bbox 554 2475 647 2536; x_wconf 89' lang='lat' dir='ltr'><strong>xuu.</strong></span> <span class='ocrx_word' id='word_1_219' title='bbox 671 2477 754 2556; x_wconf 66' lang='lat' dir='ltr'><strong>{nvp</strong></span> 
     </span>
     <span class='ocr_line' id='line_1_28' title="bbox 325 2567 871 2626; baseline 0.011 -6"><span class='ocrx_word' id='word_1_220' title='bbox 325 2567 328 2572; x_wconf 78' lang='grc'><strong>’</strong></span> <span class='ocrx_word' id='word_1_221' title='bbox 443 2571 469 2622; x_wconf 83' lang='lat' dir='ltr'><strong>G.</strong></span> <span class='ocrx_word' id='word_1_222' title='bbox 488 2574 612 2626; x_wconf 79' lang='lat' dir='ltr'>PLINIUS</span> <span class='ocrx_word' id='word_1_223' title='bbox 629 2575 746 2625; x_wconf 88' lang='lat' dir='ltr'>PONTIO</span> <span class='ocrx_word' id='word_1_224' title='bbox 766 2573 826 2626; x_wconf 89' lang='lat' dir='ltr'><strong>SUO</strong></span> <span class='ocrx_word' id='word_1_225' title='bbox 846 2575 871 2625; x_wconf 89' lang='lat' dir='ltr'><strong>S.</strong></span> 
     </span>
    </p>
   </div>
   <div class='ocr_carea' id='block_1_5' title="bbox 128 2669 1194 3510">
    <p class='ocr_par' dir='ltr' id='par_1_5' title="bbox 128 2669 1194 3510">
     <span class='ocr_line' id='line_1_29' title="bbox 131 2669 1161 2755; baseline 0.012 -27"><span class='ocrx_word' id='word_1_226' title='bbox 131 2684 147 2737; x_wconf 93' lang='lat'>1</span> <span class='ocrx_word' id='word_1_227' title='bbox 218 2669 404 2732; x_wconf 84' lang='lat' dir='ltr'><strong>Secesseram</strong></span> <span class='ocrx_word' id='word_1_228' title='bbox 422 2672 449 2732; x_wconf 95' lang='lat' dir='ltr'><strong>in</strong></span> <span class='ocrx_word' id='word_1_229' title='bbox 469 2677 666 2755; x_wconf 91' lang='lat' dir='ltr'><strong>municipium,</strong></span> <span class='ocrx_word' id='word_1_230' title='bbox 688 2693 752 2736; x_wconf 91' lang='lat' dir='ltr'><strong>cum</strong></span> <span class='ocrx_word' id='word_1_231' title='bbox 771 2675 838 2734; x_wconf 87' lang='lat' dir='ltr'><strong>mihi</strong></span> <span class='ocrx_word' id='word_1_232' title='bbox 859 2678 1015 2738; x_wconf 91' lang='lat' dir='ltr'><strong>nuntiatum</strong></span> <span class='ocrx_word' id='word_1_233' title='bbox 1030 2689 1078 2741; x_wconf 88' lang='lat' dir='ltr'><strong>est</strong></span> <span class='ocrx_word' id='word_1_234' title='bbox 1093 2677 1161 2740; x_wconf 77' lang='lat' dir='ltr'><strong>Gor·</strong></span> 
     </span>
     <span class='ocr_line' id='line_1_30' title="bbox 130 2753 1194 2842; baseline 0.001 -23"><span class='ocrx_word' id='word_1_235' title='bbox 130 2765 252 2819; x_wconf 70' lang='lat' dir='ltr'><strong>anutum</strong></span> <span class='ocrx_word' id='word_1_236' title='bbox 267 2753 425 2816; x_wconf 83' lang='lat' dir='ltr'><strong>Tertullum</strong></span> <span class='ocrx_word' id='word_1_237' title='bbox 438 2760 591 2836; x_wconf 88' lang='lat' dir='ltr'><strong>accepisse</strong></span> <span class='ocrx_word' id='word_1_238' title='bbox 612 2759 751 2821; x_wconf 86' lang='lat' dir='ltr'><strong>Aemiliae</strong></span> <span class='ocrx_word' id='word_1_239' title='bbox 771 2759 835 2819; x_wconf 85' lang='lat' dir='ltr'><strong>viae</strong></span> <span class='ocrx_word' id='word_1_240' title='bbox 852 2778 958 2820; x_wconf 91' lang='lat' dir='ltr'><strong>curam.</strong></span> <span class='ocrx_word' id='word_1_241' title='bbox 991 2761 1194 2842; x_wconf 77' lang='lat' dir='ltr'><strong>Exprimerett</strong></span> 
     </span>
     <span class='ocr_line' id='line_1_31' title="bbox 155 2842 1162 2920; baseline 0.009 -23"><span class='ocrx_word' id='word_1_242' title='bbox 155 2856 211 2900; x_wconf 90' lang='lat' dir='ltr'><strong>non</strong></span> <span class='ocrx_word' id='word_1_243' title='bbox 225 2857 342 2917; x_wconf 90' lang='lat' dir='ltr'><strong>possum</strong></span> <span class='ocrx_word' id='word_1_244' title='bbox 358 2851 461 2918; x_wconf 85' lang='lat' dir='ltr'><strong>quanto</strong></span> <span class='ocrx_word' id='word_1_245' title='bbox 477 2843 529 2902; x_wconf 90' lang='lat' dir='ltr'><strong>sim</strong></span> <span class='ocrx_word' id='word_1_246' title='bbox 550 2842 653 2920; x_wconf 80' lang='lat' dir='ltr'><strong>gaudio</strong></span> <span class='ocrx_word' id='word_1_247' title='bbox 672 2842 802 2902; x_wconf 87' lang='lat' dir='ltr'><strong>adiectus</strong></span> <span class='ocrx_word' id='word_1_248' title='bbox 820 2852 848 2902; x_wconf 92' lang='lat' dir='ltr'><strong>et</strong></span> <span class='ocrx_word' id='word_1_249' title='bbox 864 2845 955 2920; x_wconf 91' lang='lat' dir='ltr'><strong>ipsius</strong></span> <span class='ocrx_word' id='word_1_250' title='bbox 976 2855 1007 2906; x_wconf 91' lang='lat' dir='ltr'><strong>et</strong></span> <span class='ocrx_word' id='word_1_251' title='bbox 1025 2863 1092 2907; x_wconf 90' lang='lat' dir='ltr'><strong>mee</strong></span> <span class='ocrx_word' id='word_1_252' title='bbox 1113 2864 1162 2906; x_wconf 90' lang='lat' dir='ltr'><strong>no·</strong></span> 
     </span>
     <span class='ocr_line' id='line_1_32' title="bbox 155 2923 1162 3008; baseline 0.013 -30"><span class='ocrx_word' id='word_1_253' title='bbox 155 2923 244 2991; x_wconf 89' lang='lat' dir='ltr'><strong>mine;</strong></span> <span class='ocrx_word' id='word_1_254' title='bbox 258 2924 360 3000; x_wconf 88' lang='lat' dir='ltr'><strong>ipsius,</strong></span> <span class='ocrx_word' id='word_1_255' title='bbox 376 2924 462 3002; x_wconf 91' lang='lat' dir='ltr'><strong>quod,</strong></span> <span class='ocrx_word' id='word_1_256' title='bbox 478 2925 515 2984; x_wconf 91' lang='lat' dir='ltr'><strong>sit</strong></span> <span class='ocrx_word' id='word_1_257' title='bbox 528 2924 607 3003; x_wconf 93' lang='lat' dir='ltr'><strong>licet,</strong></span> <span class='ocrx_word' id='word_1_258' title='bbox 623 2927 696 2986; x_wconf 85' lang='lat' dir='ltr'><strong>sicut</strong></span> <span class='ocrx_word' id='word_1_259' title='bbox 706 2935 761 3001; x_wconf 88' lang='lat' dir='ltr'><strong>est,</strong></span> <span class='ocrx_word' id='word_1_260' title='bbox 776 2925 811 2985; x_wconf 87' lang='lat' dir='ltr'><strong>ab</strong></span> <span class='ocrx_word' id='word_1_261' title='bbox 823 2927 897 2985; x_wconf 90' lang='lat' dir='ltr'><strong>omni</strong></span> <span class='ocrx_word' id='word_1_262' title='bbox 909 2928 1064 2990; x_wconf 90' lang='lat' dir='ltr'><strong>ambitione</strong></span> <span class='ocrx_word' id='word_1_263' title='bbox 1076 2930 1162 3008; x_wconf 78' lang='lat' dir='ltr'><strong>longe</strong></span> 
     </span>
     <span class='ocr_line' id='line_1_33' title="bbox 154 3004 1161 3090; baseline 0.011 -29"><span class='ocrx_word' id='word_1_264' title='bbox 154 3014 290 3082; x_wconf 90' lang='lat' dir='ltr'><strong>remotus,</strong></span> <span class='ocrx_word' id='word_1_265' title='bbox 307 3004 394 3065; x_wconf 89' lang='lat' dir='ltr'><strong>debet</strong></span> <span class='ocrx_word' id='word_1_266' title='bbox 409 3015 500 3066; x_wconf 92' lang='lat' dir='ltr'><strong>tamen</strong></span> <span class='ocrx_word' id='word_1_267' title='bbox 515 3011 542 3067; x_wconf 89' lang='lat' dir='ltr'><strong>ei</strong></span> <span class='ocrx_word' id='word_1_268' title='bbox 553 3008 690 3070; x_wconf 89' lang='lat' dir='ltr'><strong>iucundus</strong></span> <span class='ocrx_word' id='word_1_269' title='bbox 702 3009 792 3069; x_wconf 90' lang='lat' dir='ltr'><strong>honor</strong></span> <span class='ocrx_word' id='word_1_270' title='bbox 803 3026 872 3069; x_wconf 90' lang='lat' dir='ltr'><strong>esse</strong></span> <span class='ocrx_word' id='word_1_271' title='bbox 882 3009 958 3070; x_wconf 92' lang='lat' dir='ltr'><strong>ultro</strong></span> <span class='ocrx_word' id='word_1_272' title='bbox 972 3011 1071 3083; x_wconf 88' lang='lat' dir='ltr'><strong>datus;</strong></span> <span class='ocrx_word' id='word_1_273' title='bbox 1085 3031 1161 3090; x_wconf 90' lang='lat' dir='ltr'><strong>mco,</strong></span> 
     </span>
     <span class='ocr_line' id='line_1_34' title="bbox 156 3086 1161 3174; baseline 0.012 -30"><span class='ocrx_word' id='word_1_274' title='bbox 156 3086 233 3162; x_wconf 86' lang='lat' dir='ltr'><strong>quod</strong></span> <span class='ocrx_word' id='word_1_275' title='bbox 254 3087 395 3165; x_wconf 86' lang='lat' dir='ltr'><strong>aliquanto</strong></span> <span class='ocrx_word' id='word_1_276' title='bbox 423 3092 512 3168; x_wconf 81' lang='lat' dir='ltr'><strong>magis</strong></span> <span class='ocrx_word' id='word_1_277' title='bbox 535 3108 580 3149; x_wconf 91' lang='lat' dir='ltr'><strong>me</strong></span> <span class='ocrx_word' id='word_1_278' title='bbox 602 3090 726 3152; x_wconf 87' lang='lat' dir='ltr'><strong>delectat</strong></span> <span class='ocrx_word' id='word_1_279' title='bbox 750 3091 906 3152; x_wconf 90' lang='lat' dir='ltr'><strong>mandatum</strong></span> <span class='ocrx_word' id='word_1_280' title='bbox 928 3094 997 3154; x_wconf 88' lang='lat' dir='ltr'><strong>mihi</strong></span> <span class='ocrx_word' id='word_1_281' title='bbox 1024 3096 1161 3174; x_wconf 83' lang='lat' dir='ltr'><strong>officium,</strong></span> 
     </span>
     <span class='ocr_line' id='line_1_35' title="bbox 128 3168 1194 3258; baseline 0.013 -31"><span class='ocrx_word' id='word_1_282' title='bbox 128 3174 305 3248; x_wconf 79' lang='lat' dir='ltr'><strong>epostqnam</strong></span> <span class='ocrx_word' id='word_1_283' title='bbox 319 3188 371 3248; x_wconf 91' lang='lat' dir='ltr'><strong>par</strong></span> <span class='ocrx_word' id='word_1_284' title='bbox 386 3168 512 3234; x_wconf 82' lang='lat' dir='ltr'><strong>Gomuto</strong></span> <span class='ocrx_word' id='word_1_285' title='bbox 525 3173 617 3232; x_wconf 90' lang='lat' dir='ltr'><strong>datum</strong></span> <span class='ocrx_word' id='word_1_286' title='bbox 634 3174 728 3238; x_wconf 87' lang='lat' dir='ltr'><strong>video.</strong></span> <span class='ocrx_word' id='word_1_287' title='bbox 747 3173 849 3252; x_wconf 88' lang='lat' dir='ltr'><strong>Neque</strong></span> <span class='ocrx_word' id='word_1_288' title='bbox 865 3177 940 3235; x_wconf 91' lang='lat' dir='ltr'><strong>enim</strong></span> <span class='ocrx_word' id='word_1_289' title='bbox 955 3181 1057 3256; x_wconf 81' lang='lat' dir='ltr'><strong>augeri</strong></span> <span class='ocrx_word' id='word_1_290' title='bbox 1072 3179 1194 3258; x_wconf 75' lang='lat' dir='ltr'><strong>digni-3!</strong></span> 
     </span>
     <span class='ocr_line' id='line_1_36' title="bbox 155 3254 1163 3339; baseline 0.009 -26"><span class='ocrx_word' id='word_1_291' title='bbox 155 3259 212 3313; x_wconf 88' lang='lat' dir='ltr'><strong>tate</strong></span> <span class='ocrx_word' id='word_1_292' title='bbox 229 3270 311 3332; x_wconf 89' lang='lat' dir='ltr'><strong>quam</strong></span> <span class='ocrx_word' id='word_1_293' title='bbox 327 3256 441 3331; x_wconf 86' lang='lat' dir='ltr'><strong>aequari</strong></span> <span class='ocrx_word' id='word_1_294' title='bbox 457 3256 539 3316; x_wconf 91' lang='lat' dir='ltr'><strong>bonis</strong></span> <span class='ocrx_word' id='word_1_295' title='bbox 555 3257 672 3330; x_wconf 82' lang='lat' dir='ltr'><strong>gratius.</strong></span> <span class='ocrx_word' id='word_1_296' title='bbox 704 3254 830 3319; x_wconf 82' lang='lat' dir='ltr'><strong>Gomuto</strong></span> <span class='ocrx_word' id='word_1_297' title='bbox 845 3267 938 3318; x_wconf 91' lang='lat' dir='ltr'><strong>autem</strong></span> <span class='ocrx_word' id='word_1_298' title='bbox 954 3263 1024 3339; x_wconf 92' lang='lat' dir='ltr'><strong>quid</strong></span> <span class='ocrx_word' id='word_1_299' title='bbox 1037 3259 1163 3324; x_wconf 74' lang='lat' dir='ltr'><strong>melius?</strong></span> 
     </span>
     <span class='ocr_line' id='line_1_37' title="bbox 155 3332 1162 3421; baseline 0.012 -27"><span class='ocrx_word' id='word_1_300' title='bbox 155 3337 221 3412; x_wconf 91' lang='lat' dir='ltr'><strong>quid</strong></span> <span class='ocrx_word' id='word_1_301' title='bbox 243 3332 390 3398; x_wconf 77' lang='lat' dir='ltr'><strong>sanetius?</strong></span> <span class='ocrx_word' id='word_1_302' title='bbox 412 3338 478 3416; x_wconf 91' lang='lat' dir='ltr'><strong>quid</strong></span> <span class='ocrx_word' id='word_1_303' title='bbox 498 3341 526 3398; x_wconf 94' lang='lat' dir='ltr'><strong>in</strong></span> <span class='ocrx_word' id='word_1_304' title='bbox 548 3338 622 3396; x_wconf 92' lang='lat' dir='ltr'><strong>omni</strong></span> <span class='ocrx_word' id='word_1_305' title='bbox 637 3356 746 3414; x_wconf 83' lang='lat' dir='ltr'><strong>genere</strong></span> <span class='ocrx_word' id='word_1_306' title='bbox 761 3340 850 3402; x_wconf 84' lang='lat' dir='ltr'><strong>laudis</strong></span> <span class='ocrx_word' id='word_1_307' title='bbox 862 3341 897 3400; x_wconf 91' lang='lat' dir='ltr'><strong>ad</strong></span> <span class='ocrx_word' id='word_1_308' title='bbox 912 3345 1079 3421; x_wconf 84' lang='lat' dir='ltr'><strong>exemplum</strong></span> <span class='ocrx_word' id='word_1_309' title='bbox 1093 3345 1162 3408; x_wconf 88' lang='lat' dir='ltr'><strong>auti·</strong></span> 
     </span>
     <span class='ocr_line' id='line_1_38' title="bbox 154 3417 1163 3510; baseline 0.012 -32"><span class='ocrx_word' id='word_1_310' title='bbox 154 3420 268 3496; x_wconf 90' lang='lat' dir='ltr'><strong>quitatis</strong></span> <span class='ocrx_word' id='word_1_311' title='bbox 291 3417 481 3498; x_wconf 81' lang='lat' dir='ltr'><strong>expressius?</strong></span> <span class='ocrx_word' id='word_1_312' title='bbox 503 3418 580 3499; x_wconf 90' lang='lat' dir='ltr'><strong>quod</strong></span> <span class='ocrx_word' id='word_1_313' title='bbox 599 3419 665 3479; x_wconf 91' lang='lat' dir='ltr'><strong>mihi</strong></span> <span class='ocrx_word' id='word_1_314' title='bbox 687 3424 828 3499; x_wconf 82' lang='lat' dir='ltr'><strong>cognitum</strong></span> <span class='ocrx_word' id='word_1_315' title='bbox 853 3433 899 3484; x_wconf 89' lang='lat' dir='ltr'><strong>est</strong></span> <span class='ocrx_word' id='word_1_316' title='bbox 918 3442 977 3485; x_wconf 93' lang='lat' dir='ltr'><strong>uon</strong></span> <span class='ocrx_word' id='word_1_317' title='bbox 992 3427 1085 3510; x_wconf 79' lang='lat' dir='ltr'><strong>fama,</strong></span> <span class='ocrx_word' id='word_1_318' title='bbox 1107 3445 1163 3508; x_wconf 83' lang='lat' dir='ltr'><strong>qua</strong></span> 
     </span>
    </p>
   </div>
   <div class='ocr_carea' id='block_1_6' title="bbox 0 0 1204 3840">
    <p class='ocr_par' dir='ltr' id='par_1_6' title="bbox 0 0 1204 3840">
     <span class='ocr_line' id='line_1_39' title="bbox 0 0 1204 3840; baseline 0 3"><span class='ocrx_word' id='word_1_319' title='bbox 0 0 1204 3840; x_wconf 95' lang='lat' dir='ltr'><strong> </strong></span> 
     </span>
    </p>
   </div>
  </div>
 </body>
</html>
