2400 3840
76 198 139 261 286
503 198 538 258 b.
553 195 651 257 l'LlNl

76 351 147 429 ipsis
155 348 267 428 quidem
279 347 412 409 baeciuit
423 366 528 409 summa
540 358 669 411 votorum
676 357 706 408 ut
718 367 771 409 uos
783 348 833 409 sic
838 358 963 411 amarent
975 350 1013 410 dii
1022 368 1076 430 quo
1177 378 1181 419 ς

76 433 161 494 modo
169 443 210 492 to
221 431 835 511 llstneverumquodmterrstaclamammus,
844 431 1077 495 ‘ouosiclrces
1179 428 1182 451 ⁵

77 516 232 591 Quidenim
243 515 456 594 feliciusuobis,
471 515 1078 595 quibusaoniamilludoptandumestutuos

77 600 174 678 diligat
186 617 333 678 prmoeps,
342 600 438 660 sedda
451 597 848 678 quemadmodumpriucepsl
862 599 969 660 Crmtas
980 600 1077 678 religi
1178 538 1185 661 l

77 683 278 745 onibusdedita
289 702 462 763 semperque
475 683 591 743 deorum
605 681 806 761 indulgentiam
817 685 924 762 pietate
931 687 1077 747 meritani·
1085 694 1101 746 5
1163 756 1166 761 ⁸

75 764 1076 847 billelicitatisuaeputatadstruiposscnisiutdiiGaesaremimiteutur.

25 853 64 919 75
139 851 198 911 Sed
214 852 279 931 quid
294 851 405 929 singula
422 861 575 911 consector
589 859 618 910 et
633 848 760 928 colligo?
781 853 861 931 quasi
875 867 946 912 vero
956 861 1005 913 aut
1016 869 1076 913 ora·

75 936 152 997 tione
168 935 310 1013 conplecti
326 944 373 995 aut
386 934 522 995 memoria
538 935 675 1012 consequi
690 935 798 1012 possim
814 953 886 1013 quas
901 952 966 1013 vos,
982 946 1077 1015 patres
1186 960 1188 965 ’

76 1021 247 1098 conscripti,
264 1036 369 1097 nequa
385 1019 570 1096 interciperet
585 1017 703 1096 oblivio,
721 1026 751 1078 et
763 1019 791 1076 in
808 1017 922 1096 publica
937 1028 1000 1080 scta
1015 1021 1076 1081 mit·
1152 1097 1153 1101 Ἰ

73 1102 158 1163 tenda
179 1110 209 1160 et
228 1101 374 1161 incidenda
393 1103 421 1160 iu
441 1119 509 1161 aere
525 1103 686 1162 censuistis.
718 1101 795 1162 date
811 1104 952 1162 orationes
970 1105 1115 1181 princi-lt

74 1202 140 1263 pum
154 1193 260 1244 tantam
275 1186 337 1244 eius
352 1184 428 1244 modi
449 1203 558 1263 genere
579 1194 821 1246 monumentorum
838 1185 959 1246 mandari
981 1196 1075 1247 aeter·

73 1270 151 1328 nitati
173 1267 318 1329 solebant:
343 1268 563 1331 adclamationes
585 1269 698 1348 quidem
718 1277 831 1330 nostrae
852 1270 1008 1348 parietibus
1029 1289 1076 1329 cu·

74 1353 133 1413 riae
150 1351 358 1412 claudebantur.
381 1351 468 1413 Erant
486 1355 560 1413 euim
572 1353 674 1432 quibus
688 1371 744 1413 nec
758 1362 872 1414 senatus
887 1352 1003 1430 gloriari
1023 1373 1077 1415 nec

76 1439 220 1516 principes
237 1446 365 1516 possent.
380 1436 437 1497 llas
450 1455 521 1498 uero
536 1447 564 1498 et
579 1439 606 1496 ia
620 1436 724 1514 vulgus
740 1439 818 1497 exire
831 1447 861 1498 et
871 1439 997 1517 posteris
1011 1457 1077 1516 pro·
1167 1504 1172 1512 ,

75 1519 102 1579 di
120 1539 183 1581 cum
198 1539 235 1581 ex
251 1521 368 1582 utilitate
389 1531 446 1581 tum
467 1540 503 1581 ex
524 1521 659 1599 dignitate
674 1521 789 1600 publica
802 1520 869 1582 fuit:
889 1523 1026 1600 primum,
1046 1531 1115 1584 ut15
1157 1547 1164 1562 ·

74 1605 152 1664 orbis
168 1614 303 1664 terramm
318 1607 430 1682 pietatis
447 1614 561 1666 nostrae
583 1604 766 1666 adhiberetur
779 1606 861 1666 testis
877 1612 907 1665 et
926 1608 1075 1675 conscius;

74 1687 187 1765 deinde,
203 1697 233 1747 ut
247 1687 695 1750 manifestumcssetaudereuos
708 1688 836 1749 debonis
852 1687 991 1768 malisque
1001 1692 1076 1767 prin·

75 1771 187 1846 cipibus
201 1788 258 1829 uon
273 1780 378 1831 tantum
393 1783 460 1851 post
473 1774 553 1852 ipsos
568 1774 707 1840 iudicare;
728 1781 890 1850 postremo,
911 1783 942 1832 ut
962 1775 1075 1851 experi-
1189 1814 1192 1823 ·

73 1861 168 1913 mento
186 1864 412 1931 cognosceretur
429 1865 458 1917 et
473 1866 537 1917 ante
554 1874 607 1917 nos
622 1866 736 1935 gratos,
758 1855 810 1917 sed
830 1858 948 1917 miseros
970 1856 1073 1933 luisse,
1102 1906 1104 1909 .

74 1938 175 2015 quibus
191 1955 325 2000 esse-nos
341 1948 438 2017 gratos
455 1940 575 2018 probare
590 1949 672 2001 autea
690 1957 746 2000 nou
761 1940 851 2000 licuit.
880 1940 918 1999 At
933 1957 988 2017 qua
1005 1957 1071 2000 con·
1083 1951 1116 2004 ιο

73 2024 216 2100 tentione,
233 2041 288 2102 quo
303 2024 383 2101 nisu,
399 2025 502 2102 quibus
515 2025 684 2084 clamoribus
697 2023 907 2101 expostulatum
919 2032 1013 2084 estne
1028 2023 1075 2083 ad·

73 2105 167 2167 iectus
182 2117 312 2179 nostros,
334 2125 371 2167 ne
383 2117 430 2168 tua
445 2110 543 2169 merita
559 2110 770 2187 supprimeres,
792 2107 913 2187 denique
934 2117 965 2169 ut
979 2108 1012 2168 iu·
1023 2125 1074 2186 po·

74 2199 180 2250 sterum
197 2190 330 2269 exemplo
345 2191 528 2269 provideres!
555 2192 673 2252 Discaat
689 2201 719 2253 et
732 2193 877 2272 principes
894 2191 1074 2252 adclamatio·

72 2291 124 2334 nes
145 2293 228 2335 veras
249 2274 394 2352 falsasque
418 2275 581 2337 discernere
602 2275 779 2354 habeantque
799 2277 923 2336 muneris
938 2276 980 2336 tui
998 2276 1073 2354 quod

72 2359 126 2417 iam
143 2357 237 2438 decipi
255 2376 311 2419 noa
326 2369 470 2437 poterunt.
496 2358 561 2419 Non
574 2360 774 2420 instruendum
780 2359 860 2419 illis
851 2369 906 2418 ater
920 2361 956 2419 ad
971 2359 1071 2420 bonam
1081 2369 1112 2421 25

71 2440 181 2515 lamam,
196 2441 517 2520 sednoudeserendum,
530 2442 943 2523 nonsummoveudaadulatio,
956 2443 1073 2505 sednon

70 2522 233 2583 reducenda
245 2533 298 2583 est
315 2523 430 2585 (lentam
442 2536 487 2586 est
499 2537 527 2587 et
541 2546 613 2606 quae
626 2527 724 2588 facere
737 2538 847 2606 etquae
860 2526 984 2588 debcant
995 2528 1072 2587 audi·
1188 2570 1190 2581 .

70 2625 114 2683 re,
128 2605 275 2667 crinciunt.
291 2605 365 2680 Quid
375 2627 451 2670 nunc
463 2628 520 2688 ego
529 2629 616 2690 super
624 2630 657 2672 ea
670 2629 742 2690 quae
753 2629 815 2672 sum
826 2628 890 2671 cum
899 2620 961 2672 toto
973 2621 1073 2672 senatu
1188 2660 1190 2667 .

70 2701 203 2770 precatus
218 2708 269 2768 pro
285 2702 385 2753 senatu
400 2710 514 2771 precer,
530 2697 583 2755 nisi
597 2703 627 2754 ut
640 2695 755 2756 baereat
768 2697 859 2755 auimo
875 2704 925 2756 tuo
940 2695 1074 2772 gaudium

70 2776 146 2854 quod
160 2785 227 2836 tunc
241 2776 332 2837 oculis
344 2776 507 2856 protulisti?
526 2778 613 2839 Ames
625 2778 703 2838 illum
715 2778 798 2855 diem,
815 2787 949 2840 ettamen
963 2781 1113 2864 uineas,30

69 2877 143 2918 nova
155 2863 301 2937 merearis,
315 2880 389 2921 nova
401 2862 512 2923 audias:
524 2861 624 2922 eadem
637 2864 711 2923 enim
726 2862 820 2922 dici
792 2880 847 2923 nasu
839 2864 897 2924 ob
910 2864 1020 2925 ecdem
1032 2857 1072 2924 ia·

22 2932 59 3003 lb
72 2951 116 3002 cta
126 2961 183 3002 non
196 2955 324 3021 possunt.
338 2943 396 3006 lam
409 2963 491 3024 quam
498 2948 650 3024 antiquum,
666 2964 749 3025 quam
761 2946 922 3025 consulare,
936 2945 1013 3026 quod
1024 2949 1073 3008 tri·

69 3025 154 3085 duum
168 3035 258 3087 totum
273 3038 388 3089 senatus
403 3029 456 3088 sub
474 3029 607 3108 exemplo
622 3032 661 3089 tui
680 3029 771 3107 sedit,
793 3037 857 3089 cum
877 3033 987 3093 interea
1002 3030 1072 3091 nibil
1187 3092 1190 3101 ,

67 3117 184 3186 praeter
204 3111 351 3172 consulem
366 3111 484 3190 ageres!
513 3111 700 3212 Interrogavit
719 3117 840 3213 quisque
859 3115 937 3193 quod
949 3114 1072 3194 placuit:

68 3192 229 3279 dissentire,
247 3194 408 3272 discedere,
426 3205 455 3256 et
471 3197 581 3274 copiam
595 3197 689 3258 iudicii
707 3199 750 3257 sui
763 3197 955 3276 reipublicae
970 3198 1069 3260 iacere
1077 3206 1109 3261 di
1187 3270 1189 3275 Ι

67 3271 162 3340 totam
173 3279 247 3358 fait:
270 3278 392 3339 consulti
408 3296 506 3339 omnes
522 3289 608 3357 atque
623 3282 706 3339 ctiam
723 3280 888 3341 dinumerati
902 3284 1072 3359 sumus,vi-

68 3363 162 3440 citque
183 3363 324 3423 sententia
341 3379 397 3421 nou
417 3365 505 3440 prima
526 3363 578 3422 sed
600 3361 709 3423 melior.
742 3365 780 3424 At
802 3366 864 3443 quis
879 3375 962 3426 antea
979 3364 1070 3444 loqui,

55 3447 122 3520 quis
136 3447 256 3510 discere
270 3444 396 3508 audebat
410 3455 525 3529 praeter
539 3446 661 3507 miseros
670 3447 738 3506 illos
752 3451 801 3524 qui
813 3449 895 3525 primi
910 3451 1070 3526 interroga-
