2400 3840
87 160 149 225 238
177 157 619 223 (archimbauldum.
633 168 798 223 llil—121.
814 159 1006 238 [lto-422]

60 323 158 387 arunt.
182 311 235 372 llic
247 328 362 392 quoque
378 328 435 372 nou
448 311 631 372 mediocriter
648 311 754 371 haereo
774 328 811 371 ne
834 312 1000 392 cuiusquam
1013 321 1091 373 retro

89 398 223 458 habeatur
236 396 323 464 ratio:
345 394 494 474 dandaque
515 413 588 474 quae
608 404 675 456 tunc
690 413 754 455 cunr
770 396 919 457 uincerent
933 413 991 456 non
1004 395 1091 457 debe·

88 481 197 542 bantur.
219 477 304 556 llogo
321 495 392 558 erqo
407 488 438 539 ut
451 479 652 541 dubitationem
666 496 757 540 meam
769 496 891 558 regere,
914 479 943 540 id
957 489 1019 560 est,
1041 481 1092 541 be·

87 564 189 625 nelicia
205 573 252 625 tua
269 564 473 642 luterpretari
464 580 528 642 1pse
543 562 680 640 digneris

454 693 595 757 oxvrur
609 694 709 774 [cxx
710 697 720 773 l

422 793 587 848 TRAIANUS
602 794 708 846 PLINIO
727 794 754 846 S.

152 896 330 958 lsclastiouun
343 907 410 958 tuuc
425 897 544 975 primum
558 894 625 954 mihi
637 892 772 954 videtur
764 895 891 973 incipere
904 893 1014 973 deberi,
1029 913 1093 955 cum

90 980 153 1060 quis
165 984 193 1040 in
208 983 350 1042 civitatem
362 997 441 1041 suam
455 981 518 1058 ipse
534 971 717 1057 sterilescat.
750 977 875 1039 Obsonia
886 994 987 1038 eorum
1001 989 1092 1039 certa·

89 1067 192 1124 minum
207 1082 280 1142 quae
294 1062 440 1125 iselastica
455 1079 522 1123 esse
536 1060 644 1141 placuit
656 1060 740 1139 mihi,
756 1063 781 1121 si
796 1069 861 1122 ante
875 1061 1022 1123 iselastica
1035 1063 1135 1123 non1⁰

88 1147 219 1225 fuerunt,
244 1156 322 1207 retro
348 1163 405 1207 non
431 1145 579 1206 debentur.
614 1143 678 1206 Nec
704 1146 846 1224 prolicere
871 1163 925 1224 pro
947 1145 1092 1207 desiderio

88 1228 256 1292 athletarum
270 1239 369 1310 potest
382 1230 448 1310 quid
466 1245 566 1289 eorum
579 1247 652 1308 qnae
675 1239 776 1308 postea
790 1228 935 1291 iselastica
951 1247 1010 1290 non
1024 1230 1093 1309 lege

89 1316 236 1395 constitui,
251 1324 364 1395 quam†
380 1316 428 1395 qui
441 1315 548 1391 ierant,
562 1313 697 1391 accipere
713 1312 866 1375 desierunt.
896 1311 1005 1375 hnuto
1019 1318 1093 1376 enirn

89 1397 252 1462 conditione
267 1401 448 1462 certaminum
466 1396 556 1459 nihilo
577 1397 668 1459 minus
682 1415 754 1476 quae
770 1407 835 1459 anto
850 1408 1024 1476 peregerant
1037 1417 1093 1459 non

86 1493 264 1546 revocantur.
1103 1484 1135 1536 15

471 1614 557 1677 cxx
582 1611 708 1694 [oxu]

310 1713 337 1766 G.
355 1714 481 1766 PLINIUS
498 1712 645 1767 TRAIANO
661 1713 871 1764 IMPERATORI.

63 1834 76 1884 1
148 1818 246 1896 Usque
261 1818 289 1878 in
302 1817 360 1878 hoc
374 1829 502 1898 tempus,
518 1816 647 1894 domine,
674 1835 768 1896 neque
789 1821 919 1897 cuiquam
940 1818 1094 1897 diplomata

91 1901 267 1963 commodam
287 1920 383 1981 neque
402 1905 430 1963 in
446 1919 508 1962 rem
520 1900 606 1963 ullam
621 1903 674 1962 nisi
689 1911 763 1963 tuam
777 1903 848 1962 misi.
883 1901 973 1976 Quam
987 1908 1137 1981 perpe-bo

61 1999 163 2052 atnam
178 1987 367 2048 servationem
379 2004 472 2047 meam
485 1985 622 2065 quaedam
635 1987 794 2047 necessitas
807 1988 893 2064 rupit.
914 1987 1004 2049 Uxori
1019 1988 1094 2047 enim

88 2089 170 2132 meae
186 2072 279 2133 audita
293 2080 385 2132 morte
400 2073 445 2132 ari
459 2070 567 2130 volenti
578 2068 612 2130 ad
628 2070 737 2129 amitam
752 2087 831 2130 suam
846 2088 1001 2132 excurrere
1012 2087 1094 2132 usum

88 2172 187 2216 eorum
203 2173 310 2233 negare
324 2155 422 2216 durum
437 2156 553 2233 putavi,
575 2171 639 2213 cum
653 2152 718 2214 talis
735 2151 824 2213 cilicii
839 2157 929 2232 gratia
942 2157 971 2214 iu
990 2155 1094 2216 celeri·

87 2249 146 2300 tate
161 2241 335 2301 consisteret
350 2240 511 2318 sciremque
524 2237 662 2298 rationem
673 2238 782 2297 itineris
800 2239 995 2317 probatumm,
1012 2239 1093 2299 cuns

88 2341 174 2384 causa
189 2333 249 2383 erat
268 2323 370 2401 pietas.
401 2320 479 2383 Haec
500 2322 551 2383 tibi
571 2322 693 2401 scripsi,
719 2322 785 2398 quia
803 2323 870 2381 mihi
883 2340 981 2399 parurn
994 2327 1135 2400 gratustt

87 2405 151 2466 iore
172 2406 307 2482 videbar,
329 2407 353 2464 si
376 2404 599 2466 dissimulassem
615 2406 689 2465 inter
702 2403 758 2464 alia
773 2403 914 2466 benelicia
930 2406 986 2466 hoc
1007 2424 1093 2465 uuum

86 2505 201 2568 quoque
214 2504 261 2546 me
272 2485 380 2547 debere
394 2487 586 2566 indulgentiae
600 2497 682 2566 tuae,
706 2487 782 2567 quod
801 2488 901 2550 lidueia
916 2490 977 2550 eius
998 2506 1093 2568 quarn-

86 2589 168 2650 quam
183 2569 346 2632 inconsulto
359 2580 388 2631 te
403 2587 461 2631 non
471 2570 595 2633 dubitavi
609 2572 707 2633 iacere
724 2589 807 2653 quae,
828 2576 853 2635 si
872 2572 1093 2651 consuluissem,

87 2674 154 2717 sero
169 2655 316 2718 iecissem.

1100 651 1117 725 ⁵.

1101 2750 1136 2806 tto

464 2745 718 2870 cxx1.[oxxu.]

421 2890 585 2942 TRAIANUS
602 2891 708 2944 PLINIO
728 2891 755 2943 S.

152 2989 255 3052 blerito
274 2991 413 3070 habuisti,
437 2992 571 3054 Secunde
592 2996 754 3073 carissime,
778 2995 908 3056 fiduciam
928 2993 1010 3053 animi
1024 2996 1093 3069 mei,

86 3092 142 3136 nec
158 3073 338 3135 dubitandum
353 3075 462 3152 fuisse,
485 3079 510 3135 si
525 3086 727 3156 expectasses,
749 3075 842 3139 donec
858 3095 905 3138 me
923 3077 1095 3139 consuleres

86 3178 122 3220 an
142 3159 197 3218 iter
217 3160 314 3218 uxoris
331 3168 397 3221 tuae
412 3157 629 3238 diplomatibus,
645 3178 718 3239 quae
734 3160 831 3238 cilicio
846 3171 895 3221 tuo
910 3159 992 3239 dedi,
1014 3159 1136 3226 adiu-es

67 3242 206 3305 ·vandunr
222 3250 318 3318 esset,
340 3260 404 3302 cum
417 3242 493 3323 apud
506 3246 616 3304 amitam
631 3259 709 3304 suam
724 3254 853 3306 uxortua
867 3244 989 3307 deberet
1005 3247 1092 3306 etiam

87 3327 234 3390 eeleritate
249 3325 365 3407 gratiam
379 3326 518 3389 adventus
532 3328 576 3389 sui
592 3343 708 3405 augere.

491 3471 684 3480 ...0-0———a
