2400 3840
103 174 145 239 40
312 200 320 207 ··
528 170 562 234 0.
583 170 680 234 PLlNI

104 328 145 387 dit
157 335 204 386 aut
220 326 334 387 retinet.
356 326 518 387 Procoeton
534 324 599 385 inde
620 334 649 384 et
670 324 831 385 cubiculum
846 314 1003 405 porrigitur
1017 325 1091 385 inco·

104 409 179 488 lem,
211 427 296 490 quem
319 411 458 470 orientem
480 410 572 471 statim
593 417 746 487 exceptum
767 408 840 469 ultra
863 409 1012 469 meridiem
1033 407 1092 469 obli·

66 503 170 556 tecum
192 491 306 572 quidem
328 492 381 554 sed
407 504 499 555 tamen
526 501 632 554 serrat.
668 491 700 551 ln
720 491 793 553 banc
820 509 879 570 eqo
902 491 1023 552 diaetam
1042 508 1093 552 cun
1143 560 1145 565 ¹

104 595 150 637 me
164 577 275 656 recepi,
291 578 395 637 abesse
408 577 475 637 mibi
492 579 575 639 etiarn
590 595 606 636 a
622 575 689 640 villa
704 593 767 636 mea
780 575 900 654 videor,
921 592 1094 655 magnamque
1142 570 1145 593 ²

105 663 166 721 eius
185 660 361 739 voluptatem
381 661 537 741 praecipue
560 659 755 720 Saturnalibus
783 661 886 738 capio,
912 677 979 719 cum
998 659 1110 737 reliquat

105 763 170 823 pars
187 746 255 806 tecti
270 745 385 809 licentia
400 745 508 806 dierum
522 745 662 824 festisque
680 743 851 804 clamoribus
868 752 1021 822 personat:
1044 758 1096 803 nam

62 837 95 890 25
105 847 159 888 nec
174 829 237 908 ipse
251 847 379 889 meorum
389 829 499 889 lusibus
509 847 564 888 nec
578 827 620 888 illi
631 826 730 886 studiis
742 827 814 887 meis
827 826 1009 906 obstrepunt.
1030 824 1097 885 llaec

104 912 227 991 utilitas,
248 913 321 973 baec
338 914 491 972 amoenitas
508 911 637 973 deficitur
650 927 723 990 aqua
737 909 868 988 salienti,
885 909 940 970 sed
953 920 1057 989 puteus
1071 926 1097 969 ac

104 998 199 1075 potius
222 996 316 1055 fontes
337 995 437 1055 babet:
463 1005 528 1055 suut
548 995 622 1054 enim
638 996 666 1053 in
682 1012 801 1054 summo.
832 992 870 1054 Et
886 996 1002 1054 omniuo
1017 992 1097 1054 litoris

103 1079 180 1138 illius
191 1079 260 1136 mira
274 1086 386 1138 natura:
399 1095 579 1158 quocumque
593 1077 661 1138 loco
677 1078 800 1138 moveris
816 1077 944 1156 humum,
963 1079 1063 1139 obrius
1075 1083 1125 1137 etlt

105 1168 218 1239 paratus
233 1178 315 1221 umor
331 1161 475 1239 occurrit,
501 1163 584 1241 isque
606 1163 735 1222 sincerus
755 1181 790 1224 ac
809 1180 846 1221 ne
867 1161 975 1222 leviter
996 1161 1099 1241 quiden

63 1249 96 1303 26
105 1252 181 1304 tanta
193 1245 277 1304 maris
292 1245 436 1305 vicinitate
452 1255 612 1324 corruptus.
643 1247 807 1324 Suggerunt
821 1245 935 1305 adfatim
952 1245 1031 1324 ligna
1043 1261 1099 1324 pro·

104 1329 196 1388 xirnae
213 1327 318 1388 silvae:
335 1338 447 1391 ceteras
459 1330 558 1408 copias
574 1327 715 1389 Ostiensis
728 1328 841 1390 colonia
851 1328 1001 1389 ministrat.
1023 1327 1100 1405 Frugi

106 1411 219 1491 quidem
234 1413 338 1474 bomini
353 1413 459 1474 suflicit
474 1415 558 1475 etiam
572 1414 653 1474 vicus
668 1431 753 1492 quern
767 1431 821 1472 una
835 1411 904 1474 villa
915 1411 1065 1473 disceruit:
1079 1415 1100 1469 iu

104 1496 161 1556 boc
173 1496 274 1557 balnea
286 1498 429 1557 meritoria
443 1497 506 1575 tria,
521 1515 621 1575 magua
633 1496 828 1573 commoditas,
844 1496 868 1554 si
883 1495 961 1556 forte
976 1496 1128 1557 balneunli

106 1579 180 1639 dorni
195 1579 244 1640 vel
260 1580 370 1638 subitus
392 1582 529 1640 adventus
544 1581 593 1640 rel
613 1581 730 1640 brevior
744 1597 822 1640 mora
839 1578 985 1640 calfacere
1001 1579 1100 1640 dissua-

63 1673 96 1728 27
106 1662 180 1722 deat.
212 1660 291 1721 Litus
307 1672 405 1722 ornant
418 1664 553 1724 varietate
568 1663 727 1741 gratissima
741 1683 816 1724 nuuc
832 1665 965 1724 continua
981 1682 1055 1724 nuuc
1067 1664 1101 1722 in·

105 1746 236 1804 termissa
257 1753 332 1804 tecta
352 1745 497 1824 villarum,
521 1765 593 1826 quae
615 1757 759 1826 praestant
779 1746 930 1808 multarum
943 1749 1054 1809 urbium
1068 1746 1101 1808 fa·

107 1829 197 1904 ciem,
224 1829 286 1886 sive
304 1829 372 1888 mari
393 1830 455 1889 sive
476 1831 541 1909 ipso
561 1831 646 1893 litore
662 1841 756 1901 utare;
782 1830 859 1911 qnod
878 1848 937 1892 non
960 1848 1102 1911 numquam

105 1910 191 1988 longa
202 1911 386 1990 tranquillitas
397 1913 499 1993 mollit,
513 1917 628 1994 saepius
640 1915 777 1994 frequens
789 1926 819 1975 et
834 1916 993 1976 contrarius
1006 1915 1131 1976 ductusll

61 1994 223 2057 28indurat.
256 1995 334 2057 lllare
350 2014 406 2057 non
420 2016 488 2058 saue
504 1998 638 2078 pretiosis
653 2000 780 2076 piscibus
795 1999 934 2076 abundat,
957 1998 1055 2060 soleas
1069 2007 1103 2058 ta·

105 2098 170 2140 men
187 2074 348 2159 &squillas
364 2084 485 2160 optimas
497 2083 599 2160 egerit.
630 2081 705 2144 Villa
721 2099 791 2142 vero
806 2091 902 2142 nostra
921 2083 1009 2143 ctiam
1021 2082 1103 2143 medi·

15 2236 18 2243 ¹
106 2173 251 2224 terraneas
269 2166 367 2243 copias
382 2174 526 2244 praestat,
547 2165 593 2227 lac
608 2168 636 2226 in
651 2167 764 2244 primis:
790 2185 853 2225 nam
872 2165 943 2226 illuc
960 2185 977 2226 e
994 2166 1103 2245 pascuis

63 2259 97 2312 29
106 2265 214 2325 pecora
229 2248 412 2324 conveniunt,
428 2248 452 2305 si
468 2248 580 2326 quando
593 2268 693 2328 aquam
706 2250 869 2309 umbramve
885 2259 1042 2310 sectentur.
1063 2248 1102 2308 lu-

107 2330 196 2389 stisne
213 2328 248 2389 de
264 2331 357 2389 causis
373 2331 429 2389 iam
443 2331 493 2390 tibi
509 2332 610 2393 videor
623 2332 769 2410 incolere,
790 2333 964 2410 inhabitare,
987 2328 1134 2412 diligerell

106 2429 272 2489 secessum,
293 2430 378 2491 quem
393 2423 422 2474 tu
439 2415 521 2474 nimis
536 2416 657 2476 urbanus
673 2435 705 2477 es
720 2417 775 2475 nisi
790 2415 998 2494 concupiscis?
1015 2416 1105 2496 Atque

106 2495 211 2554 utinam
232 2496 435 2574 concupiscas!
461 2508 492 2560 ut
512 2509 554 2560 tot
575 2500 716 2579 tantisque
732 2500 844 2559 dotibus
861 2498 979 2560 villulae
995 2510 1107 2560 nostrae

105 2579 224 2639 maxima
239 2580 446 2642 commendatio
462 2601 499 2644 ex
517 2592 565 2644 tuo
582 2584 768 2644 contubernio
784 2583 912 2644 accedat.
941 2582 1027 2644 Vale.

556 2715 660 2777 xvur.
1114 2747 1140 2800 3,

379 2813 406 2866 G.
430 2813 553 2865 PLlNlUS
571 2814 715 2866 MAURIGO
736 2813 796 2866 SUO
815 2814 841 2867 S.

82 2931 97 2982 l
169 2913 241 2985 Quid
256 2932 272 2975 a
283 2924 311 2974 tc
323 2914 389 2975 mibi
402 2915 551 2975 iucundius
564 2916 656 2992 potuit
668 2916 786 2993 iniungi,
803 2933 884 2995 quam
896 2924 926 2975 ut
937 2925 1108 2994 praecepto·

105 3013 167 3055 rem
182 2996 275 3058 fratris
292 3001 331 3057 tui
344 2998 444 3059 liberis
461 2997 650 3077 quaererem?
674 2999 745 3059 Nam
759 3000 900 3060 beneficio
916 3008 966 3059 tuo
981 3001 1010 3059 in
1025 2999 1108 3058 scho-

106 3078 163 3140 lam
182 3079 315 3143 redebet
335 3082 411 3143 illam
427 3081 617 3142 dulcissimam
631 3092 752 3144 aetatem
768 3085 848 3162 quasi
863 3100 996 3143 resumo:
1018 3082 1107 3142 sedeo

105 3164 180 3223 inter
198 3164 327 3244 iuuenes,
344 3176 374 3226 ut
388 3165 528 3243 solebam,
543 3175 628 3244 atque
645 3169 728 3227 etiam
743 3168 878 3244 experior
888 3175 1022 3245 qnantum
1034 3163 1105 3243 apud
1113 3166 1139 3222 35

79 3246 172 3308 tilios
192 3252 365 3311 auctoritatis
388 3268 425 3309 ex
444 3251 544 3311 studiis
565 3250 693 3311 habeam.
729 3248 800 3311 Nam
815 3252 943 3328 proxime
964 3247 1106 3328 frequenti

106 3330 243 3395 auditorio
259 3336 334 3394 iuter
349 3350 382 3391 se
398 3349 493 3393 coram
507 3333 601 3394 multis
614 3335 719 3394 ordinis
733 3336 823 3394 nostri
838 3332 916 3393 clare
927 3333 1105 3394 iocabantm:

104 3415 216 3498 intravi,
233 3417 444 3485 conticuerunt;
464 3418 540 3496 quod
552 3433 609 3477 non
623 3416 779 3495 referrem,
799 3418 853 3476 nisi
869 3417 903 3476 ad
919 3416 1034 3477 illorum
1050 3432 1104 3476 ma·
