2400 3840
101 172 162 239 128
523 167 555 228 C.
577 165 675 228 PLlNl

61 340 93 393 lo
103 334 155 390 est.
189 321 287 384 Tuitus
310 341 371 382 sum
392 320 493 380 lulium
505 320 640 398 Bassum,
662 327 693 379 ut
708 315 911 380 incustoditum
924 316 1009 377 nimis
1025 326 1053 377 et
1066 317 1104 376 in·

102 416 212 469 cautum
227 408 264 467 ita
280 408 392 467 minime
406 406 522 474 malum:
543 403 683 466 iudicibus
699 403 830 481 acceptis
843 404 874 462 iu
885 411 988 463 senatu
1000 419 1103 462 reman-

62 506 92 559 11
101 493 149 553 sit.
170 491 236 552 Dixi
253 492 379 571 proxime
394 508 447 569 pro
463 489 594 567 Vareno,
610 487 773 568 postulante
787 494 819 546 nt
833 487 891 548 sihi
902 487 1027 546 invicem
1040 502 1104 546 evo·
1174 490 1176 495 '

102 595 168 636 care
190 585 281 636 testes
303 573 421 644 liceret:
443 576 621 653 impetratum
642 581 694 636 est.
725 571 757 631 ln
779 579 930 650 posterum
946 578 1017 648 opto
1032 578 1061 629 ut
1074 587 1105 629 ea

101 662 278 739 potissimum
293 660 392 720 iubear
409 677 481 739 quae
504 676 548 718 me
563 657 664 717 deceat
678 655 726 716 vel
746 663 851 734 sponte
873 654 995 715 fecisse.
1027 651 1124 716 Valet

278 890 304 944 G.
325 887 449 940 PLINIUS
467 789 800 938 ΡΑΒΑξέξΒΟΕΟΟΕΗΟ
820 883 881 936 SUO
902 885 930 936 S.

77 1014 92 1063 1
164 998 311 1059 Debemus
325 1012 369 1053 me
384 993 507 1054 Hercule
523 993 632 1055 natales
647 1004 711 1055 tuos
727 991 845 1072 perinde
856 1011 892 1053 ac
903 1003 1021 1056 nostros
1033 993 1103 1056 colo·

101 1084 195 1158 branc,
214 1097 277 1139 cum
291 1078 398 1138 laetitia
414 1087 573 1137 nostrorum
589 1098 626 1138 ex
639 1081 693 1140 tuis
709 1075 847 1158 pendeat,
865 1079 948 1140 cuius
965 1077 1135 1157 diligentiam

76 1173 132 1228 aet
148 1181 214 1222 cura
229 1164 276 1222 hic
290 1161 404 1240 hilares,
420 1163 486 1223 istic
501 1164 596 1222 securi
612 1181 716 1223 sumus.
744 1159 818 1221 Villa
834 1158 1010 1241 Camilliana,
1027 1180 1104 1242 qnam

102 1250 130 1306 in
152 1243 303 1326 Campania
328 1246 479 1325 possides,
506 1255 550 1307 est
577 1246 690 1324 quidem
708 1254 850 1306 vetustate
870 1255 991 1317 vexata:
1016 1255 1104 1307 tamen

104 1349 177 1410 quae
199 1339 263 1390 sunt
283 1333 453 1411 pretiosiora
471 1339 518 1391 aut
539 1333 649 1408 integra
668 1339 781 1390 manent
801 1337 848 1390 aut
869 1328 1018 1391 levissimo
1032 1328 1105 1390 laesa

76 1425 176 1479 tsunt.
207 1415 386 1477 Attendimus
402 1433 473 1494 ergo
492 1424 524 1475 ut
540 1432 622 1495 quam
637 1413 823 1474 saluberrime
839 1413 1012 1475 reficiantur.
1044 1412 1104 1491 Ego

102 1500 203 1561 videor
223 1500 330 1560 hahere
350 1500 453 1561 multos
474 1501 597 1577 amicos,
620 1497 672 1560 sed
693 1498 775 1558 huius
797 1499 915 1575 generis
937 1500 1019 1561 cuins
1036 1506 1064 1559 et
1076 1507 1137 1563 tuli

77 1586 216 1662 aquaeris
234 1594 262 1643 et
276 1603 323 1643 res
340 1587 429 1662 exigit
448 1602 539 1663 prope
554 1584 703 1644 neminem.
727 1582 797 1642 Sunt
813 1582 888 1642 euim
905 1598 1006 1644 omnes
1019 1584 1103 1659 togati

104 1677 133 1727 et
153 1669 265 1728 urbani:
287 1669 456 1727 rusticorum
475 1677 568 1727 antero
589 1665 769 1745 praediorum
790 1664 997 1727 administratio
1013 1666 1104 1746 poscit

104 1749 202 1808 durum
217 1748 338 1827 aliquem
351 1760 379 1810 et
394 1758 547 1826 agrestem,
564 1752 609 1809 cui
625 1768 680 1809 nee
695 1750 776 1810 labor
791 1749 840 1808 ille
855 1751 954 1827 gravis
970 1767 1027 1811 uec
1042 1767 1104 1812 cura

77 1830 216 1897 ssordida
231 1850 286 1891 nec
298 1835 386 1893 tristis
403 1832 526 1894 solitudo
540 1832 677 1894 videatur.
705 1833 747 1892 Tu
762 1832 799 1893 de
813 1833 889 1893 Rufo
904 1833 1104 1896 honestissime

103 1917 227 1994 cogitas:
253 1917 305 1976 fuit
327 1919 401 1977 enim
421 1916 478 1977 lilio
500 1927 548 1977 tuo
569 1917 720 1979 familiaris.
753 1915 828 1991 Quid
849 1926 944 1978 tamum
965 1919 1048 1980 nohis
1067 1917 1140 1977 iiico

103 2009 248 2079 praestare
264 2003 355 2080 possit
371 2003 483 2080 ignoro,
498 2001 575 2062 velle
591 2001 740 2081 plurimum
755 2000 853 2061 credo.
884 2000 969 2064 Vale.

550 2134 653 2197 XXXI.

343 2235 368 2284 c.
388 2235 512 2285 rururus
532 2233 734 2287 ooaunumuo
754 2231 814 2284 suo
833 2232 860 2286 S.

79 2349 94 2398 1
165 2334 309 2396 Evocatus
325 2338 353 2395 in
367 2337 514 2397 eonsilium
529 2357 544 2398 a
562 2336 685 2399 Caesare
705 2343 803 2398 nostro
821 2334 857 2395 ad
873 2332 996 2398 Centum
1011 2335 1139 2399 Gellastt

77 2418 176 2498 2(hoc
187 2417 253 2478 loco
269 2420 387 2499 nomen)
402 2439 530 2500 magnam
547 2424 612 2501 cepi
626 2420 811 2499 voluptatem.
834 2418 910 2493 Quid
926 2423 1001 2482 enim
1011 2425 1106 2482 iucun-

104 2502 166 2562 dius
179 2519 261 2580 quam
278 2505 413 2584 principis
431 2507 564 2566 iustitiam
580 2507 745 2583 gravitatem
760 2506 921 2566 comitatem
940 2507 970 2566 in
988 2523 1106 2568 secessu

104 2603 236 2666 quoque,
258 2588 305 2648 ubi
320 2591 438 2648 maxime
458 2588 657 2664 recluduntur,
680 2585 845 2667 inspicere?
867 2588 996 2651 Fuerunt
1014 2591 1106 2650 variae

105 2671 282 2750 cognitiones
300 2682 328 2732 et
344 2691 416 2753 quae
430 2676 550 2733 virtutes
565 2671 665 2732 iudicis
681 2690 734 2750 per
750 2672 848 2752 plures
864 2675 983 2753 species
995 2676 1106 2754 experi-

77 2762 207 2817 3rentur.
236 2754 315 2816 Dixit
330 2775 442 2817 causam
459 2755 592 2817 Claudius
608 2754 735 2834 Ariston,
752 2758 889 2836 princeps
901 2756 1143 2837 Ephesiorumat)

103 2840 187 2901 homo
208 2841 354 2900 munificus
370 2850 400 2900 et
414 2843 528 2901 innoxie
543 2839 703 2920 popularis:
725 2839 792 2899 iude
814 2840 918 2901 invidia
938 2851 968 2902 et
987 2862 1005 2903 a
1025 2841 1106 2904 dissi·

103 2923 225 2984 millimis
247 2923 357 2985 delator
377 2927 525 2986 inmissus:
548 2925 643 3002 itaque
659 2923 805 2984 absolutus
818 2924 1037 3005 vindicatusque
1053 2935 1105 2988 est.

78 3005 240 3084 4Sequenti
262 3008 307 3067 die
328 3009 421 3068 audita
443 3018 488 3068 est
510 3006 612 3067 Galitta
627 3006 757 3068 adulterii
772 3027 831 3073 rea.
861 3007 958 3088 Nupta
972 3011 1045 3071 haec
1058 3010 1106 3070 tri·

102 3089 178 3149 huno
200 3090 317 3151 militurn
337 3091 461 3153 honores
483 3093 606 3170 petituro
628 3099 657 3150 et
684 3109 761 3153 suam
783 3101 812 3151 et
831 3095 922 3153 mariti
945 3094 1108 3173 dignitatem

104 3175 276 3236 centurionis
296 3193 392 3236 amore
407 3174 611 3235 maculaverat:
632 3178 746 3236 maritus
762 3175 860 3253 legato
878 3178 1039 3258 consulari,
1057 3178 1145 3239 illeso

79 3253 219 3320 tilaesari
234 3260 399 3339 scripserat.
424 3256 530 3319 Caesar
542 3258 673 3319 excussis
685 3260 900 3337 probationibus
913 3263 1109 3323 centurionem

104 3346 295 3405 exauctoravit
311 3344 403 3420 adque
425 3343 509 3403 etiam
530 3341 679 3419 relegavit.
714 3343 870 3422 Supererat
886 3347 1015 3422 crimini,
1033 3345 1109 3426 quod

102 3425 157 3483 nisi
172 3427 290 3489 duorum
305 3444 371 3488 esse
391 3443 447 3486 non
461 3434 589 3506 poterat,
603 3423 713 3506 reliqua
727 3445 793 3507 pars
808 3426 939 3490 ultionis:
955 3428 1009 3491 sed
1024 3432 1108 3492 man'-
