2400 3840
387 198 653 262 renuotmoos
669 211 712 265 85.
725 211 770 266 86.
782 211 826 266 87.
1047 204 1111 266 29³

102 363 148 414 est
161 352 273 415 referre
289 350 366 431 quod
385 360 554 414 tormentum
568 354 619 414 tibi
635 353 807 432 iniunxeris,
822 374 860 415 oe
875 355 942 434 quid
957 357 1048 418 amico
1060 376 1111 418 ne·

100 455 197 515 geres.
220 436 358 499 Dimisisti
372 437 509 515 optimum
526 437 617 497 virum
631 438 739 516 tibique
755 439 945 517 carissimum,
961 441 1065 502 invitus
1080 451 1111 502 et

102 522 208 598 tristis,
236 530 266 582 et
287 521 369 599 quusi
390 520 515 580 retinere
537 537 594 581 nou
614 538 728 599 posses.
760 521 900 596 Quantum
920 540 1030 586 amares
1045 544 1110 586 eum

102 604 246 665 desiderio
263 612 400 683 expertus
417 622 467 682 es,
489 603 642 666 distractus
658 614 880 685 separatusque,
904 605 969 665 dum
984 608 1065 670 cedis
1080 619 1110 669 et

76 689 236 753 svineeris.
268 687 326 766 lta,
348 687 423 766 quod
440 687 524 748 lando
539 689 710 766 inauditum,
733 705 796 748 cunr
812 689 947 768 princeps
962 700 992 751 et
1006 694 1110 770 priuci-

101 773 147 851 pis
162 773 269 832 amicus
287 770 399 834 diversa
418 770 552 849 velletis,
575 772 605 833 id
619 773 715 850 potius
731 771 836 832 iactum
852 781 898 832 est
912 773 989 853 quod
1003 777 1109 837 amicus

100 854 227 916 volebat.
251 854 275 915 Ο
292 873 353 915 rem
368 857 521 917 memoriae
536 854 699 935 litterisque
712 854 908 917 mandandam!
932 859 1109 936 praetectum

101 940 246 1016 praetorio
263 958 320 999 non
334 957 372 999 ex
384 939 582 1017 ingerentibus
595 960 640 1018 se,
656 940 708 1001 sed
723 959 739 1000 c
751 938 982 1002 subtrahentibus
994 940 1107 1020 legere,

102 1023 280 1100 eundemque
298 1024 358 1085 otio
374 1024 450 1102 quod
467 1025 654 1102 pertinaciter
667 1034 743 1086 amet
763 1022 903 1101 reddere,
930 1043 1051 1104 cumque
1066 1027 1108 1087 sis

61 1119 92 1170 10
102 1107 165 1185 ipse
180 1106 321 1169 distentus
336 1109 448 1187 imperii
469 1109 561 1182 curis,
582 1126 639 1169 non
657 1109 761 1187 quietis
779 1107 874 1185 gloria
894 1112 1024 1189 cuiquam
1038 1111 1108 1170 invi·

101 1189 181 1250 dere.
212 1190 427 1270 intellegimus,
451 1188 575 1270 Gaesar,
597 1203 730 1272 qnantum
751 1193 801 1252 tibi
823 1207 876 1269 pro
896 1191 1040 1255 laboriosa
1054 1196 1107 1254 ista

101 1274 222 1333 statione
239 1284 269 1334 et
284 1276 412 1336 exercita
427 1274 601 1354 debeamus,
622 1295 686 1338 cunr
701 1276 789 1336 otium
803 1284 881 1353 ate,
903 1287 1042 1355 tamqnam
1058 1296 1107 1338 res

105 1355 225 1432 optima,
247 1364 275 1413 et
295 1364 406 1432 petatur
427 1367 456 1416 et
475 1359 564 1417 detur.
609 1358 698 1430 Quam
721 1375 777 1434 ego
799 1357 883 1417 audio
907 1359 1104 1418 confusionem

103 1447 177 1508 tuam
186 1438 287 1514 luisse,
298 1457 361 1497 cum
372 1437 577 1517 digredientem
589 1439 820 1519 prosequereris!
832 1439 1005 1499 Prosecutus
1018 1440 1102 1516 enim,

64 1532 95 1584 15
104 1538 158 1580 nec
169 1523 333 1600 temperasti
349 1521 399 1582 tibi
412 1525 572 1601 quominus
588 1525 701 1584 exeunti
715 1523 744 1583 in
758 1522 842 1583 litore
857 1523 1003 1600 amplexus
1019 1539 1103 1581 oscu-

103 1603 160 1663 lum
177 1605 278 1665 ierres.
305 1606 390 1666 Stetit
405 1604 513 1668 Caesar
526 1609 555 1668 in
570 1606 617 1669 illa
633 1606 773 1666 amicitiae
788 1606 925 1685 specula,
947 1608 1026 1666 stetit
1039 1623 1103 1686 pre·

96 1697 240 1767 ,cetusque
252 1699 297 1749 est
308 1706 396 1768 prona
409 1692 496 1751 maria
511 1689 711 1769 celeremque,
728 1691 754 1749 si
769 1699 863 1750 tamen
873 1693 937 1768 ipse
952 1689 1102 1765 voluisset,

102 1790 264 1850 recursum,
282 1791 337 1835 nec
353 1776 484 1834 sustinuit
500 1773 682 1835 recedentem
693 1790 749 1834 non
763 1776 847 1834 etiam
859 1783 945 1853 atque
957 1775 1040 1835 etiam
1050 1789 1101 1832 vo·

102 1856 138 1914 tis
153 1855 275 1916 lacrimis
290 1859 381 1936 sequi.
404 1858 476 1919 Nam
488 1858 524 1918 de
534 1857 702 1935 liberalitate
713 1866 808 1919 taceo.
830 1857 940 1930 Quibus
956 1860 1029 1918 enim
1043 1875 1102 1915 mu·

60 1940 217 2002 itineribus
229 1944 345 2021 aequari
360 1942 432 2002 haec
445 1959 512 2002 cura
523 1943 673 2019 principis,
686 1940 758 2001 haec
772 1943 906 2019 patientia
919 1949 1031 2020 potest,
1047 1958 1101 2017 qua

102 2025 227 2082 meruisti
245 2033 275 2083 ut
293 2024 343 2083 ille
361 2025 416 2095 sibi
432 2026 546 2085 nimium
561 2025 642 2086 fortis
662 2043 697 2084 ac
715 2042 808 2103 prope
828 2023 914 2084 durus
936 2019 1102 2083 videretur?

101 2105 164 2166 Nec
181 2105 277 2166 dubito
295 2109 362 2186 quin
379 2110 528 2186 agitaverit
541 2126 639 2168 secum
654 2127 690 2169 an
702 2108 896 2187 gubernacula
910 2115 1100 2185 retorqueret,

103 2200 132 2250 et
145 2190 282 2268 iecisset,
298 2192 352 2250 nisi
368 2192 444 2271 qnod
459 2209 550 2270 paene
565 2194 630 2271 ipso
642 2192 828 2253 contubernio
841 2193 977 2270 principis
988 2189 1100 2250 felicius

101 2274 307 2353 iucundiusqne
323 2285 369 2336 est
380 2275 542 2337 desiderare
558 2278 717 2354 principem
732 2275 950 2336 desiderantem.
991 2273 1029 2334 Et
1050 2272 1099 2332 ille

59 2356 215 2437 mquidem
232 2367 262 2417 ut
278 2360 398 2419 maximo
415 2359 508 2422 fructu
533 2361 662 2437 suscepti
682 2361 720 2420 ita
740 2361 846 2419 maiore
869 2359 993 2436 depositi
1012 2355 1099 2416 cilicii

102 2441 194 2520 gloria
209 2441 325 2520 fruitur,
344 2453 374 2504 tu
395 2453 489 2505 autem
507 2443 643 2507 facilitate
658 2445 711 2504 ista
729 2452 902 2504 consecutus
916 2460 949 2502 es
966 2460 1002 2501 ne
1015 2457 1099 2519 quem

101 2527 226 2585 retinere
243 2525 365 2587 videaris
382 2529 508 2588 invitum.
552 2526 644 2589 Civile
660 2527 717 2590 hoc
735 2537 796 2589 erat
813 2534 842 2587 et
860 2527 968 2606 parenti
983 2524 1098 2603 publico
1109 2518 1150 2585 87

103 2610 417 2689 convenientissimum,
441 2611 511 2672 nihil
530 2630 657 2689 cogere,
681 2629 853 2691 semperque
865 2611 1027 2669 meminisse
1038 2607 1098 2667 nul÷

101 2689 157 2751 lam
173 2700 276 2752 tantam
293 2704 464 2771 potestatem
483 2691 611 2775 cuiquam
633 2695 692 2756 dari
710 2713 799 2774 posse
822 2703 924 2753 utnon
942 2693 978 2751 sit
994 2692 1100 2767 gratior

58 2787 93 2841 30
102 2784 245 2852 potestate
255 2774 382 2836 libertas.
425 2779 535 2855 Dignus
548 2798 596 2856 es,
614 2776 735 2855 Caesar,
753 2777 799 2855 qui
811 2775 904 2834 cilicia
919 2772 1034 2833 mandes
1050 2772 1099 2832 de·

101 2875 210 2936 ponere
226 2859 403 2937 optantibus;
426 2864 474 2939 qui
491 2861 653 2939 petentibus
664 2862 842 2920 vacationem
860 2859 961 2917 invitus
973 2855 1098 2934 quidem,

99 2941 150 3002 sed
166 2952 260 3004 tamen
273 2944 395 3013 tribuas;
411 2944 459 3022 qui
471 2943 507 3004 ab
525 2943 622 3003 amicis
638 2944 784 3004 orantibus
799 2942 928 3020 requiem
942 2957 999 3000 non
1013 2946 1043 2999 te
1057 2957 1103 2999 re-

98 3025 186 3104 linqui
208 3037 308 3105 putes;
330 3029 378 3106 qui
399 3044 517 3106 semper
532 3026 661 3088 invenias
677 3037 707 3088 et
723 3044 796 3106 quos
812 3044 850 3086 ex
865 3026 923 3085 ctio
937 3041 1060 3084 revoces
1074 3031 1105 3082 et

99 3127 171 3188 quos
190 3112 247 3170 otio
260 3110 372 3170 reddas.
393 3110 455 3172 Vos
467 3127 598 3191 quoque,
614 3127 686 3189 quos
702 3129 805 3190 parens
819 3118 919 3170 noster
932 3107 1104 3168 familiariter

55 3201 89 3255 35
100 3195 245 3274 inspicere
260 3194 406 3273 dignatur,
424 3195 522 3255 fovete
539 3193 671 3254 iudicium
686 3197 748 3257 eius
764 3193 840 3274 quod
855 3192 891 3254 de
906 3193 990 3253 vobis
1003 3190 1103 3252 habet:

97 3278 144 3336 hic
166 3287 263 3339 vester
282 3277 364 3339 labor
384 3288 438 3340 est.
483 3278 620 3357 Princeps
642 3279 734 3356 eninr,
761 3295 824 3336 cnm
845 3278 873 3335 in
893 3293 950 3336 uno
974 3273 1105 3353 probavit

98 3378 190 3422 amare
207 3382 239 3423 se
256 3364 350 3441 scire,
370 3373 452 3424 vacat
467 3361 568 3441 culpa,
590 3363 615 3423 si
628 3361 701 3422 alios
715 3363 804 3422 miuus
819 3368 900 3421 amat.
932 3358 1029 3436 lpsum
1043 3357 1104 3434 qut.

99 3444 163 3505 dem
179 3448 242 3525 quis
262 3446 445 3507 mediocriter
463 3444 580 3526 diligat,
605 3464 672 3506 oum
688 3444 777 3523 leges
795 3442 987 3504 amandum
994 3436 1128 3491 oetaeo
