2400 3848
247 108 518 171 EPISTULARUM
535 109 571 202 y.
604 119 642 169 14.
657 111 728 189 (ιι.)
746 109 873 189 1o.(1o.)
890 118 929 168 re.
1028 102 1088 170 103

93 278 206 358 alioqui
219 278 325 356 optima
337 284 367 337 et
377 276 561 337 meritissima
570 276 685 353 buitur,
697 277 750 337 sed
760 278 856 356 longis
863 276 1032 353 magnisque
1039 291 1086 334 ex-

95 362 274 441 perimentis.
291 358 355 420 Una
366 359 522 437 diligimus,
532 378 587 419 una
598 359 749 420 dileximus
762 379 861 421 munes
872 360 936 420 lere
951 375 1023 437 quos
1036 375 1083 417 ae·
1097 365 1115 416 4

94 454 139 505 tas
162 451 262 504 nostra
278 445 307 502 in
329 451 453 521 utroque
468 461 541 504 sexu
562 441 746 504 aemulandos
763 444 843 512 tulit;
865 461 939 522 quae
960 439 1086 502 societas

94 527 283 588 amicitiarum
294 527 496 594 artissimauos
508 526 861 587 familiaritateconiunxit.
878 525 1081 586 Accessitvin·
1096 534 1113 584 o

67 620 85 670 ι
100 610 195 670 culum
207 608 430 670 necessitudinis
446 608 589 687 publicae.
615 608 694 669 Idem
709 611 784 671 enim
798 609 876 685 mibi,
894 616 925 668 ut
939 609 1010 684 seis,
1027 606 1086 667 ool-

95 693 165 770 lega
182 693 263 771 quasi
278 700 348 752 roto
365 693 473 770 petitus
491 693 519 750 iu
533 692 716 772 praefectura
733 692 836 753 aerarii
851 692 921 769 fuit,
942 690 996 750 luit
1012 696 1041 749 et
1058 690 1088 751 in

96 776 257 836 consulatu.
274 773 344 834 Tum
353 793 410 852 ego
424 776 472 853 qui
486 776 530 834 vir
543 784 573 836 et
584 783 704 853 quantus
717 782 798 836 esset
809 774 948 835 altissime
959 774 1086 851 inspexi,

96 876 160 918 cnm
178 875 320 936 sequerer
338 866 368 917 ιιι
382 859 560 936 magistrum,
576 866 608 917 ιιι
622 867 771 936 parentem
785 852 919 934 vererer,
935 854 1012 934 qnod
1028 873 1086 917 nou

95 949 153 1000 tam
164 943 267 1002 aetatis
279 942 442 1001 maturitate
459 943 628 1020 quamvitae
639 942 814 1003 merebatur.
841 941 892 1001 His
903 958 941 1001 ex
952 940 1115 1000 causisuto

43 1037 86 1088 ιο
96 1023 140 1083 illi
153 1026 197 1084 sic
212 1023 280 1083 milui
294 1024 436 1101 gratulor,
451 1041 507 1083 nec
523 1025 654 1104 privatim
665 1026 755 1103 magis
770 1043 852 1102 quam
866 1022 994 1102 publice,
1011 1021 1089 1100 quod

95 1106 210 1166 tandem
223 1106 353 1167 homiues
364 1123 423 1166 non
438 1105 476 1166 ad
489 1107 630 1185 pericula,
645 1115 677 1166 ιιι
692 1109 785 1186 prius,
799 1124 900 1167 rerum
911 1105 945 1167 ad
958 1105 1088 1165 honores

91 1194 197 1253 virtute
209 1195 389 1272 perveniunt.
410 1192 443 1253 ln
453 1194 589 1253 inlinitum
603 1191 753 1270 epistulam
769 1191 934 1269 extendam,
949 1193 974 1252 si
988 1192 1119 1271 gaudio?

92 1292 159 1335 meo
180 1275 353 1353 indulgeam.
383 1275 551 1336 Praevertor
570 1273 604 1334 ad
619 1291 740 1351 eaquae
757 1292 802 1334 me
817 1282 949 1352 agentem
963 1274 1009 1334 hio
1024 1293 1094 1334 nun·

93 1360 151 1419 tius
166 1357 362 1436 deprehendit.
394 1355 478 1418 Eram
494 1373 556 1415 oum
567 1371 724 1434 prosocero
738 1373 821 1434 meo,
842 1373 919 1416 eram
934 1374 998 1416 cum
1012 1358 1120 1418 amitass

45 1455 83 1508 15
92 1442 209 1520 uxorIs,
225 1459 302 1502 eram
315 1458 378 1500 cum
392 1441 489 1510 amicis
506 1439 553 1500 diu
569 1437 754 1517 desideratis,
771 1440 953 1499 circumibam
968 1439 1092 1518 agellos,

92 1525 242 1587 audiebam
262 1523 378 1584 multum
396 1525 563 1585 rusticarum
584 1522 790 1601 querellamm,
814 1524 939 1584 rationes
960 1523 1095 1600 legebam

92 1610 198 1669 inritus
219 1618 249 1669 et
273 1610 376 1669 cursim
392 1607 469 1685 (aliis
490 1607 564 1667 enim
586 1605 707 1684 chartis,
731 1605 793 1668 aliis
814 1624 875 1667 sum
889 1606 991 1668 litteris
1004 1607 1093 1667 initia·

92 1693 169 1771 tus),
186 1709 339 1771 coeperam
349 1693 432 1754 etiam
444 1691 537 1751 itineri
551 1709 596 1750 me
611 1706 791 1768 praeparare.
817 1688 888 1750 llam
900 1689 1031 1751 includor
1047 1694 1121 1751 ιιι-9

93 1777 196 1855 gustiis
214 1784 405 1853 commeatus,
427 1791 521 1854 eoque
543 1775 607 1852 ipso
629 1774 705 1853 qnod
727 1774 888 1852 delegatum
904 1772 1030 1835 Gomuto
1045 1791 1093 1834 au·

45 1859 141 1920 notro
156 1859 281 1919 officium
294 1861 350 1920 mei
365 1858 528 1919 admoneor.
549 1853 642 1936 Cupio
656 1867 685 1917 te
701 1875 815 1936 quoque
832 1857 885 1917 sub
895 1856 971 1917 idem
980 1867 1093 1936 tempus

95 1940 246 2021 Campania
258 1952 305 2003 tua
318 1943 450 2019 remittat,
465 1959 502 2001 ne
517 1941 592 2019 quis,
612 1957 675 1999 oum
690 1940 718 1998 in
734 1941 833 1999 urbem
847 1940 978 2018 rediero,
995 1949 1094 1999 contn-

93 2027 194 2086 bernio
209 2035 307 2087 nostro
322 2025 384 2086 dies
398 2034 508 2104 pereat.
540 2021 620 2083 Vale.

522 2154 584 2215 XV.
648 2197 657 2215 .

49 2283 86 2337 25
298 2253 325 2305 G.
345 2253 472 2305 PLINIUS
490 2253 591 2306 Aemo
608 2154 770 2302 b'bbmno
788 2251 849 2303 SUO
864 2252 892 2303 S.

159 2356 230 2418 Cum
247 2374 351 2419 versus
363 2364 437 2417 tuos
457 2355 600 2433 aemulor,
626 2364 684 2415 tum
702 2355 821 2415 maxime
845 2372 927 2434 quarn
949 2356 1004 2416 sint
1028 2353 1120 2416 bonil

95 2442 240 2520 experior.
271 2440 308 2501 Ut
332 2441 406 2501 enim
434 2441 561 2518 pictores
582 2437 729 2518 pulchram
751 2438 966 2517 absolutamque
991 2439 1095 2498 faeiem

69 2522 72 2527 ’
94 2541 159 2585 raro
171 2525 226 2585 nisi
240 2525 268 2583 in
284 2523 366 2603 peius
382 2523 535 2601 effingunt,
550 2525 589 2582 ita
604 2538 661 2598 ego
678 2520 714 2582 ab
728 2520 785 2583 boc
799 2522 955 2600 archetypo
970 2521 1096 2581 laboret

95 2606 209 2668 decido.
233 2606 297 2680 Quo
313 2607 401 2684 magis
415 2607 513 2669 hortor
528 2615 656 2684 utquam
672 2605 792 2683 plurima
807 2605 936 2684 proleras
951 2621 1023 2682 quae
1034 2603 1120 2662 imi-2

53 2692 147 2756 uotam
163 2709 262 2752 omnes
285 2691 504 2769 concupiscant,
523 2707 606 2750 nemo
621 2698 668 2748 aut
681 2688 845 2767 pancissimi
860 2687 979 2765 possint.
1012 2684 1094 2745 Vale.

555 2820 632 2881 xvi.

335 2921 362 2971 o.
381 2921 507 2972 Pnrnrus
525 2919 731 2970 munonnmuo
750 2917 810 2968 suo
829 2916 855 2969 e.

138 3022 327 3085 Tristissimus
349 3021 421 3083 haec
441 3022 493 3083 tibi
514 3021 628 3098 scribo,
655 3021 780 3082 Fundani
799 3021 888 3080 nostri
910 3019 966 3080 filia
987 3021 1121 3084 minorel

54 3108 247 3184 aedeiuncta,
272 3123 326 3184 qua
345 3105 443 3184 puella
456 3104 525 3165 nihil
542 3122 672 3184 umquam
688 3105 834 3184 festivius,
856 3102 966 3163 amabili
987 3123 1018 3182 s,
1039 3121 1096 3163 uec

97 3192 183 3252 modo
198 3190 329 3267 longiore
343 3191 401 3249 vita
411 3188 463 3249 sed
476 3205 568 3268 prope
583 3165 788 3250 mmouattiue
803 3187 914 3266 dignius
930 3121 997 3247 vib.
1018 3182 1122 3246 Non-tt

98 3277 162 3336 dnm
177 3290 266 3334 annos
280 3271 503 3351 quattuordecim
516 3271 696 3351 impleverat,
712 3280 741 3331 et
758 3271 812 3330 iam
826 3270 867 3331 illi
882 3270 962 3331 anilis
974 3267 1097 3347 pruden-

97 3360 152 3439 tia,
169 3356 329 3418 matronalis
344 3356 468 3433 gravitas
483 3364 559 3435 erat,
585 3365 614 3415 et
633 3363 726 3414 tamen
742 3356 865 3416 suavitas
879 3351 1015 3432 puellaris
1034 3361 1098 3412 cum
