2400 3840
369 189 633 255 EPISTULARUM
646 191 709 252 Vll.
724 201 749 254 7.
762 203 790 256 8.
800 204 825 258 9.
1040 195 1100 263 lat

88 343 230 422 alteram,
252 354 283 406 ut
299 318 359 422 dis,
382 344 447 422 ipse
462 344 585 422 finieris,
607 347 726 424 incipies
742 348 862 425 primum
878 349 944 411 istic
960 350 1018 413 otio
1034 350 1100 430 frui,

91 429 196 492 oeinde
213 431 328 492 satiatus
348 427 383 489 ad
397 444 450 490 nos
464 429 581 490 reverti.
610 428 692 490 Vale.

554 561 632 623 Vlll.

72 690 87 739 5
378 659 406 709 o.
426 659 551 711 numius
569 661 682 713 Perseo
702 661 762 714 suo
782 661 807 712 s,

149 763 321 842 Exprimere
339 779 395 823 non
411 778 531 842 possum
546 781 630 842 quam
649 765 802 829 iucundum
819 766 857 826 sit
877 765 944 825 mibi
959 767 1036 844 quod
1050 768 1125 835 Sa·1

91 849 220 910 turniuus
237 855 336 909 noster
354 865 478 909 summas
499 848 548 907 tibi
572 849 647 927 apud
668 868 713 911 me
730 851 834 927 gratias
849 849 913 911 aliis
928 867 1017 928 super
1030 850 1099 913 alias
1172 877 1174 883 ·

93 931 226 1011 epistulis
247 934 316 1010 agit.
345 930 439 1010 Perge
457 939 489 992 ut
510 934 633 1012 coepisti
647 935 794 1013 virumque
808 935 946 1011 optimum
962 951 1044 1013 quam
1059 934 1126 1001 faa

92 1015 282 1079 nuliarissime
303 1015 350 1075 dili
373 1035 405 1094 e,
429 1033 560 1095 magnam
576 1017 754 1096 voluptatem
769 1037 807 1079 ex
820 1020 942 1080 amicitia
956 1020 1019 1081 cius
1035 1036 1100 1096 per·

64 1104 245 1180 locspturus,
264 1118 319 1163 sec
330 1034 372 1161 ad
380 1101 470 1163 breve
483 1111 607 1180 tempus.
640 1100 789 1163 Nemeum
805 1103 933 1164 omnibus
949 1103 1127 1169 virtutibus3

93 1184 230 1262 abundat,
258 1194 317 1247 tum
335 1183 390 1246 bac
412 1186 569 1266 praecipue
591 1187 668 1265 qued
687 1185 773 1248 babet
792 1188 939 1249 maximam
960 1188 988 1247 in
1004 1204 1101 1248 amore

93 1270 288 1331 constantiam.
320 1268 401 1328 Vale.

61 1519 86 1572 15
393 1499 420 1550 c.
439 1403 679 1553 Pmepltpppco
697 1500 756 1553 suo
774 1499 801 1554 s,

155 1598 280 1673 Quaeris
298 1600 535 1677 quemadmodum
558 1605 587 1663 in
608 1621 745 1681 secessu,
769 1619 828 1681 quo
848 1600 965 1663 iamdiu
984 1601 1125 1679 frueris,1

93 1693 190 1762 putem
206 1692 237 1744 te
252 1683 369 1745 studere
385 1694 531 1763 oportere.
564 1687 640 1748 Utile
662 1689 821 1767 inprimis,
847 1696 877 1748 et
894 1686 973 1747 multi
989 1688 1126 1764 praeci-2

92 1769 189 1847 piunt,
216 1766 265 1827 vel
287 1786 324 1827 ex
353 1767 464 1830 Graeco
485 1772 513 1830 in
531 1770 658 1834 latinum
683 1771 731 1833 rel
757 1790 794 1831 ex
816 1771 913 1832 Latino
935 1780 1051 1830 vertere
1072 1772 1100 1829 in

94 1850 250 1912 Graecum:
276 1869 334 1930 quo
356 1871 465 1930 genere
484 1857 696 1918 exercitationis
720 1857 881 1935 proprietas
905 1854 1099 1933 splendorque

57 1937 257 2012 severiorum,
274 1938 357 2013 copia
369 1938 529 2016 figurarum,
545 1940 589 2001 ris
601 1938 773 2018 explicandi,
787 1948 935 2016 praeterea
945 1939 1100 1999 imitatione

63 2054 68 2065 ι
94 2022 266 2101 optimorum
284 2020 383 2081 similia
402 2023 563 2083 inveniendi
583 2023 702 2083 facultas
723 2032 850 2100 paratur:
872 2021 953 2081 simul
970 2039 1044 2099 quae
1057 2021 1099 2081 le·

94 2113 209 2183 gentem
224 2103 400 2167 fefellissent
415 2106 631 2169 transferentem
647 2106 749 2184 lugere
764 2123 821 2166 non
834 2115 963 2183 possunt.
985 2103 1101 2165 lntelle·

93 2191 189 2266 gentia
206 2207 244 2251 ex
258 2187 314 2248 boc
331 2198 360 2251 et
374 2189 506 2251 iudicium
520 2191 685 2269 adquiritur.
707 2189 784 2251 Nibil
800 2191 914 2251 alluerit
931 2206 1004 2266 quae
1018 2186 1126 2265 lege-3

93 2275 132 2333 ris
145 2271 286 2335 hactenus
301 2281 331 2333 ut
341 2291 402 2334 rem
412 2284 664 2353 argumentumque
676 2284 774 2336 teneas
787 2275 865 2353 quasi
876 2272 1016 2334 aemulum
1029 2274 1100 2332 scri·

56 2357 164 2419 tibere
178 2356 325 2434 lectisque
341 2357 484 2434 conferre,
500 2377 534 2419 ac
551 2358 652 2420 sedulo
668 2360 811 2437 pensitare
828 2358 894 2437 quid
910 2366 952 2436 tu,
969 2356 1036 2435 quid
1051 2355 1101 2415 ille

79 2479 82 2483 <
95 2440 282 2502 commodius.
304 2440 407 2520 blagna
421 2442 584 2520 gratulatio,
600 2445 624 2504 si
638 2461 695 2504 uon
708 2442 784 2503 nulla
801 2451 847 2519 tu,
862 2459 980 2520 magnus
996 2440 1100 2520 pudor,

94 2528 118 2586 si
133 2533 239 2586 cuncta
253 2523 303 2585 ille
324 2525 437 2587 melius.
457 2525 568 2589 Licebit
585 2527 726 2589 interdum
743 2535 772 2587 et
786 2528 931 2589 notissima
947 2525 1056 2603 eligere
1072 2534 1102 2585 et

95 2619 207 2672 certare
224 2627 288 2669 cum
302 2609 416 2671 electis.
438 2609 539 2672 Audax
552 2611 636 2688 baec,
651 2620 814 2673 nontamen
829 2611 960 2688 inproba,
976 2611 1041 2687 quia
1055 2618 1128 2671 sel

95 2703 174 2755 creta
196 2695 358 2755 contentio:
382 2712 548 2774 quamquam
573 2696 676 2757 multos
700 2696 830 2756 videmus
851 2693 990 2755 eiusmodi
1010 2700 1101 2752 certa·

57 2780 167 2841 anina
183 2777 239 2838 sibi
254 2795 319 2839 cum
333 2777 420 2840 multa
433 2779 517 2840 laude
534 2782 708 2859 sumpsisse,
734 2797 864 2859 quosque
881 2777 1018 2854 subsequi
1033 2777 1101 2834 satis

94 2861 253 2938 habebant,
276 2861 342 2923 dum
360 2880 417 2923 non
434 2864 602 2943 desperant,
624 2865 827 2923 antecessisse.
858 2860 969 2921 Poteris
986 2869 1014 2918 et
1029 2870 1128 2938 quaes

95 2945 203 3008 dixeris
215 2955 283 3024 post
295 2946 468 3008 oblivionem
479 2956 646 3024 retractare,
663 2946 747 3006 multa
764 2948 897 3021 retinere,
915 2943 995 3021 plura
1010 2952 1101 3003 mans·

93 3032 153 3108 ire,
176 3028 232 3090 elia
251 3031 471 3108 interscribere,
493 3030 547 3091 alia
566 3031 738 3091 rescribere.
768 3028 953 3089 Laboriosum
975 3026 1051 3088 istud
1072 3035 1128 3091 et6

93 3113 190 3177 laedio
206 3113 322 3193 planum
335 3115 388 3176 sed
403 3114 569 3178 difficultate
584 3116 647 3194 ipsa
661 3115 847 3189 fructuosum,
866 3111 1049 3173 recalescere
1065 3129 1103 3171 ex

56 3201 208 3276 &integro
223 3208 254 3260 et
268 3218 415 3261 resumere
430 3202 566 3278 impetum
586 3200 705 3260 fractum
721 3200 931 3274 emissumque,
953 3206 1101 3276 postremo

94 3301 168 3344 nora
185 3280 266 3344 velut
280 3284 406 3360 membra
420 3295 541 3363 peracto
555 3286 670 3364 corpori
684 3284 814 3344 intexere
831 3300 887 3343 nec
903 3288 996 3341 tamen
1007 3281 1102 3358 priora

95 3368 221 3428 turbare.
254 3367 322 3429 Scio
333 3386 408 3428 nunc
424 3370 474 3430 tibi
489 3387 557 3430 esse
574 3370 760 3447 praecipuum
774 3365 899 3426 studium
912 3363 1032 3429 erand'm
1050 3360 1133 3419 esan

95 3469 154 3511 non
169 3450 236 3512 ideo
253 3470 372 3532 semper
384 3471 546 3533 pugnacem
562 3451 641 3517 bunc
661 3461 693 3517 et
713 3453 800 3536 quasi
813 3449 1015 3513 bellater'xam
1030 3440 1140 3500 sibam
