2400 3840
113 171 174 236 168
540 169 572 232 C.
593 170 690 231 Pllll'l

113 325 196 386 bibus
214 324 358 401 turbines,
380 334 496 403 proruta
510 342 598 403 opera
612 323 713 402 quihus
731 323 863 403 pretiosa
880 342 948 386 rura
963 325 1113 402 cinguntur,

116 416 246 486 quassato
260 407 352 485 adque
373 410 457 468 etiam
472 408 594 469 deoussa
608 409 788 468 monimenta.
820 405 905 468 llnlti
923 406 1063 470 eiusmodi
1075 426 1114 468 ou·

85 492 193 558 oribus
210 489 363 568 debilitati,
381 491 491 569 obruti,
510 491 621 567 obtriti,
645 499 674 551 et
693 500 776 551 aneta
797 490 926 552 luotiltus
941 491 1050 553 damna.
1076 488 1115 550 lle

115 573 182 653 quid
203 572 295 635 simile
316 575 380 635 istie
401 592 453 655 pro
474 593 605 636 mensura
620 573 740 653 perionli
758 591 867 634 vereor
888 583 978 654 teque
994 591 1081 653 rogo,
1094 576 1116 632 si
1185 624 1188 629 .

113 656 182 717 nihil
203 657 277 736 tale,
299 676 382 736 quam
396 661 582 719 maturissime
596 657 779 719 sollicitudini
793 676 879 719 meae
894 657 1048 736 eonsules,
1069 656 1136 718 sedo

115 749 144 801 et
158 745 182 801 si
197 741 272 819 tale,
290 743 317 802 id
334 761 448 822 quoque
462 745 584 804 nunties.
615 739 685 801 Nam
703 742 817 820 paulum
832 743 932 803 differt
947 744 1062 822 patiaris
1074 741 1116 801 ad·

114 843 199 885 versa
219 844 254 886 an
275 836 444 906 exspectem
466 828 520 887 nisi
538 825 614 905 quod
629 835 722 886 tanmn
736 836 781 887 est
796 825 917 886 dolendi
931 827 1052 903 modus,
1066 841 1117 885 nou

116 921 161 971 est
189 909 314 970 timendi.
346 910 455 970 Doleas
479 911 553 969 enim
575 919 707 987 quantum
726 910 802 970 solas
831 909 998 991 accidisse,
1026 911 1116 970 timeas

117 1003 249 1071 quantum
263 993 355 1070 possit
370 993 512 1053 aooidere.
545 993 627 1052 Vale.

563 1124 667 1186 xv111.

397 1221 424 1275 o.
449 1223 571 1274 persius
590 1222 705 1274 nummo
726 1222 786 1274 suo
805 1222 833 1276 s,

1124 1083 1152 1135 lo

91 1345 106 1398 1
177 1322 289 1383 Falsum
304 1333 348 1384 est
363 1325 490 1385 nimirum
501 1324 576 1404 quod
591 1325 717 1384 ereditur
729 1324 829 1403 vulgo,
848 1335 1022 1387 testamenta
1035 1323 1118 1384 laomi-

115 1425 181 1468 num
196 1407 344 1486 speculum
360 1426 558 1485 ossismorum,
576 1406 785 1469 oumDomitius
797 1407 899 1468 'lullus
915 1408 1005 1487 longe
1022 1407 1119 1469 melior

91 1494 277 1572 papparuerit
292 1503 383 1553 morte
397 1511 478 1571 quam
494 1495 558 1553 vita.
580 1491 651 1553 Nam
669 1509 732 1552 oum
743 1510 777 1553 se
789 1492 961 1570 captandum
976 1492 1153 1572 praebuit-15

116 1585 177 1652 set,
199 1574 313 1653 reliquit
334 1575 417 1634 liliam
436 1575 587 1653 heredem,
618 1594 691 1655 quae
713 1574 754 1635 illi
769 1593 833 1634 oum
848 1576 938 1636 iratre
954 1576 1118 1652 eommunis,

117 1662 181 1736 quia
196 1660 320 1735 genitam
338 1656 424 1717 fratre
444 1658 638 1737 adoptaverat.
670 1658 843 1719 Prosecutus
858 1669 906 1721 est
919 1669 1046 1739 nepotes
1060 1658 1118 1738 pln-

115 1743 192 1798 rimis
207 1740 471 1819 iucundissimisque
492 1742 611 1818 legatis,
638 1752 809 1822 prosecutus
831 1744 918 1804 etiam
940 1753 1118 1823 proneptem.

115 1821 147 1881 ln
163 1840 285 1899 summu,
301 1826 391 1884 omnia
408 1826 514 1902 pietate
525 1824 705 1904 plenissima,
729 1844 763 1887 ao
778 1835 857 1887 tanto
873 1830 968 1905 magis
987 1830 1119 1907 inexspe-

91 1915 192 1975 3otato
207 1915 280 1965 sunt.
311 1905 390 1984 Ergo
405 1910 473 1967 varii
489 1919 548 1969 tota
571 1912 683 1970 oiritate
704 1927 867 1971 sermones:
894 1911 943 1971 alii
964 1912 1063 1972 liotum
1082 1912 1157 1970 init

117 2000 225 2067 gratum
249 1991 431 2051 inmemorem
455 1992 605 2072 loquuntur
625 2012 714 2073 seque
731 1995 829 2072 ipsos,
859 1993 927 2054 dnm
947 1996 1121 2056 insectantur

115 2074 204 2151 illum,
220 2077 388 2154 turpissimis
403 2077 631 2138 confessionibus
646 2076 784 2155 produnt,
805 2086 836 2138 ut
851 2079 900 2156 qui
915 2077 952 2139 de
969 2088 1053 2158 patro
1069 2093 1120 2137 aro

115 2173 223 2234 proavo
245 2161 325 2237 quasi
346 2159 382 2219 de
406 2160 477 2220 orbo
500 2171 665 2239 querentur:
686 2160 733 2221 alii
753 2171 852 2222 eontra
873 2161 932 2222 hoo
952 2164 1050 2243 ipsum
1064 2161 1120 2222 lan·

116 2240 197 2300 dibus
217 2240 311 2301 ierunt
332 2242 408 2320 quod
423 2245 460 2302 sit
471 2243 618 2304 frustratus
630 2244 773 2323 improbas
788 2261 859 2323 spes
873 2245 1033 2325 hominum,
1049 2261 1120 2324 qnos

116 2325 158 2382 sio
181 2322 317 2401 desipere
341 2342 392 2400 pro
414 2326 538 2385 moribus
559 2336 717 2406 temporum
737 2327 886 2404 prudentia
908 2337 965 2389 est.
1006 2329 1157 2390 Addunttt

117 2405 200 2462 etiam
211 2421 267 2462 non
284 2405 372 2465 luisse
390 2409 417 2464 ei
432 2405 551 2467 liberum
565 2409 620 2469 alio
637 2420 806 2471 testamento
820 2414 908 2480 mori;
933 2430 1032 2492 neque
1050 2414 1122 2474 enim

115 2483 266 2562 reliquisse
281 2502 354 2565 opes
370 2488 462 2565 filiae,
487 2490 539 2550 sed
559 2492 718 2555 reddidisse
735 2495 837 2573 quibus
850 2505 953 2558 anetus
968 2515 1026 2576 per
1040 2497 1122 2558 liliam

89 2568 217 2630 linerat.
247 2568 317 2628 Nam
335 2567 469 2630 Curtilius
483 2571 610 2652 Mancia,
632 2593 754 2654 perosus
773 2597 912 2656 generum
927 2599 1014 2641 suum
1026 2581 1122 2641 Domi·

114 2653 181 2713 tium
194 2650 334 2712 Lucanum
349 2652 452 2730 (irater
464 2656 489 2715 is
508 2654 616 2736 Tulli),
640 2661 694 2721 sub
715 2679 750 2722 ea
765 2660 929 2724 conditione
946 2663 1033 2725 liliam
1048 2667 1121 2741 eius,

113 2745 229 2812 neptem
243 2754 332 2816 suam,
349 2739 506 2798 instituerat
519 2739 665 2818 heredem,
683 2745 707 2802 si
718 2753 798 2805 esset
808 2763 891 2805 manu
902 2750 996 2825 patris
1008 2750 1160 2811 omissattt

113 2817 253 2881 Emiserat
269 2830 366 2899 pater,
389 2821 572 2898 adoptaverat
591 2835 725 2904 patruus,
745 2836 830 2906 atque
844 2829 883 2888 ita
901 2832 1121 2912 oireumsoripto

114 2911 283 2963 testamento
306 2922 425 2966 consors
453 2904 540 2964 frater
559 2907 587 2965 in
609 2911 696 2985 patris
719 2920 892 2987 potestatem
914 2917 1123 2995 emancipatam

114 2983 200 3041 liliam
216 2984 374 3062 adoptionis
394 2986 493 3046 fraude
509 3000 712 3066 revocaverat,
739 3002 770 3052 et
793 2994 908 3072 quidem
928 3015 996 3057 enm
1019 2999 1122 3078 opibus

89 3062 305 3141 tamplissimis.
337 3068 400 3129 Fuit
419 3068 523 3146 alioqui
538 3070 670 3130 iratribus
682 3072 739 3132 illis
754 3079 834 3152 quasi
849 3076 908 3138 lato
924 3080 1024 3142 datum
1038 3090 1070 3142 ut
1083 3081 1123 3142 di·

113 3148 188 3207 vites
203 3147 303 3209 fierent
317 3152 515 3211 invitissimisa
529 3152 631 3228 quibus
647 3153 716 3214 laeti
732 3168 805 3217 sunt.
832 3158 907 3232 Quin
922 3166 1012 3224 etiam
1023 3166 1161 3232 Domi-tt

113 3232 168 3290 tius
184 3228 272 3305 Afer,
290 3236 342 3308 qui
356 3234 422 3293 illos
436 3237 464 3292 in
478 3248 581 3291 nomen
597 3233 771 3316 adsumpsit,
790 3241 906 3322 reliquit
917 3255 1123 3311 testamentum

114 3323 178 3374 anto
195 3311 297 3373 deoem
315 3324 342 3373 et
359 3327 426 3376 oeto
443 3331 530 3374 annos
544 3325 734 3393 nuncupatum
754 3322 885 3403 adeoque
901 3340 1008 3407 postea
1025 3334 1123 3412 inpro-

85 3395 206 3456 dbatom
219 3396 274 3454 sibi
289 3405 319 3454 ut
336 3400 423 3475 patris
440 3413 537 3455 eornm
551 3396 626 3455 bona
641 3406 848 3473 proscribenda
864 3416 1022 3475 curaverit.
1051 3414 1124 3479 llira
