2400 3840
352 181 616 250 EPISTULARUM
628 187 693 250 1111.
714 199 740 252 4.
756 201 782 253 5·
794 201 821 256 6·
837 200 863 254 l·
1071 193 1113 256 69

10 316 46 411 Ῠῇ
98 338 206 401 studiis
227 340 347 410 excolo;
372 358 406 400 ao
426 343 480 401 iam
497 358 615 420 possum
635 343 685 402 tibi
706 353 737 403 nt
754 343 815 403 aliis
837 346 866 403 in
888 343 961 404 locis
979 344 1112 406 borreum

99 422 219 503 plenum
232 425 277 484 sic
291 425 331 485 ibi
348 426 481 486 scrinium
495 427 658 487 ostendere.
691 425 780 504 lgitur
795 437 825 487 tu
843 445 976 508 quoque,
992 431 1016 489 si
1032 440 1137 494 certae

10 546 17 615 ?
98 507 300 652 pltalzruetuosa
321 509 436 589 praedia
458 511 658 589 concupiscis,
684 509 789 588 aliquid
810 513 836 570 in
852 511 909 572 hoo
927 512 1010 573 litore
1033 532 1109 592 para.

10 692 20 765 '-
76 684 94 736 ⁵
572 726 636 788 vu.

330 823 357 877 G.
377 824 503 876 PLINIUS
522 825 619 876 cnuto
638 826 754 877 LEPIDO
774 825 834 877 SUO
855 827 881 877 S.

163 927 259 1008 Saepe
274 928 324 988 tibi
342 927 406 988 dico
422 930 519 990 inesse
533 931 591 989 vim
608 929 730 1008 Regulo.
761 928 862 990 blirum
882 941 928 991 est
946 950 1029 1011 quam
1046 932 1132 1000 eiii-1

99 1013 157 1075 ciat
169 1014 200 1072 in
215 1012 293 1092 quod
306 1013 442 1073 incubuit.
464 1013 573 1074 Placuit
588 1016 616 1074 ei
632 1014 734 1092 lugere
750 1014 852 1083 iilium;
868 1014 949 1093 luget
963 1026 993 1076 ut
1008 1034 1108 1077 nemo·

59 1096 209 1179 loplacuit
230 1105 337 1158 statuas
359 1098 420 1158 eius
444 1105 474 1157 et
494 1099 631 1176 imagines
653 1118 735 1179 quam
756 1098 890 1178 plurimas
912 1099 1027 1169 iacere;
1052 1101 1109 1162 hoc

100 1181 232 1243 omnibus
247 1181 368 1241 cilicinis
384 1183 459 1259 agit,
475 1181 555 1241 illum
570 1182 733 1260 coloribus,
748 1183 826 1242 illum
842 1201 919 1262 cera,
935 1183 1014 1243 illum
1027 1202 1107 1262 aere,

98 1264 181 1326 illum
195 1269 325 1343 argento,
341 1263 421 1324 illum
435 1283 516 1344 auro,
533 1266 634 1345 ebore,
650 1284 788 1328 marmore
804 1267 924 1345 effingit.
955 1266 1022 1348 lpse
1036 1279 1134 1330 veroa

99 1366 194 1428 nuper
214 1347 340 1409 adhibito
360 1351 468 1427 ingenti
488 1350 626 1411 auditorio
640 1350 743 1410 librum
763 1351 798 1411 dc
815 1354 872 1410 vita
888 1355 950 1412 eius
965 1354 1108 1430 recitavit,

100 1431 138 1494 de
160 1434 219 1493 vita
238 1434 335 1511 pueri:
360 1435 491 1493 recitavit
512 1443 620 1503 tamem
644 1434 764 1494 eundem
784 1435 812 1492 in
838 1434 1010 1514 exemplaria
1030 1436 1108 1495 mille

57 1518 318 1597 latransscriptnm
334 1534 387 1594 per
409 1525 496 1576 totam
513 1516 621 1578 ltaliam
642 1519 861 1596 provinciasque
884 1518 997 1578 dimisit.
1031 1519 1108 1578 Scri·

99 1603 158 1681 psit
174 1600 293 1679 publice
309 1609 339 1660 ut
361 1618 377 1659 a
399 1601 600 1662 decurionibus
618 1601 774 1680 eligeretur
790 1601 988 1663 vocalissimus
1006 1601 1107 1683 aliquis

99 1704 138 1746 ex
151 1687 224 1764 ipsis
239 1686 286 1764 qui
306 1684 419 1761 legeret
438 1703 502 1744 eum
517 1685 644 1765 populo:
668 1685 773 1747 iactum
790 1696 843 1747 est.
877 1685 956 1746 Hane
973 1686 1023 1747 ille
1038 1690 1134 1764 vim,3

99 1788 153 1830 seu
171 1786 229 1847 qno
245 1767 301 1829 alio
319 1770 431 1828 nomine
449 1770 577 1829 vocanda
598 1780 643 1831 est
660 1771 778 1830 intentio
794 1770 930 1849 quidquid
944 1770 1017 1830 velis
1033 1773 1106 1850 opti·

98 1852 197 1930 nendi,
212 1853 238 1913 si
254 1851 289 1912 ad
303 1854 415 1932 potiora
429 1855 575 1931 vertisset,
593 1863 725 1933 qnantum
739 1855 806 1914 boni
821 1854 938 1915 allicere
951 1854 1106 1932 potuisset!

57 1935 277 2015 ttQuamquam
289 1938 380 1996 minor
392 1937 436 1998 vis
452 1937 534 1998 bonis
552 1956 634 2016 quam
644 1938 724 1998 malis
739 1940 824 2015 inest,
842 1956 876 1998 ao
891 1941 965 1999 sicut
980 1929 1107 2016 ἀμαθία

99 2015 162 2100 μὲν
173 2012 304 2100 θράσος
316 2015 474 2098 λογισμὸς
485 2015 521 2080 δὲ
534 2012 638 2081 ὄκνον
651 2016 763 2100 φέρει,
782 2024 819 2081 ita
833 2031 912 2081 recta
928 2024 1042 2099 ingenia
1056 2023 1106 2083 de-

99 2103 192 2164 bilitat
211 2103 400 2182 uerecundia,
423 2122 560 2182 perversa
578 2105 723 2165 confirmat
741 2104 865 2163 audacia.
898 2104 1042 2184 Exemplo
1060 2116 1133 2169 esta

98 2187 242 2265 Regulus.
264 2187 432 2249 Inbecillum
448 2187 532 2265 latus,
549 2205 582 2248 os
596 2187 755 2265 confusum,
771 2187 913 2248 haesitans
925 2187 1032 2265 lingua,
1050 2198 1105 2247 tar-

99 2270 216 2333 dissima
235 2272 376 2350 inventio,
398 2274 532 2331 memoria
546 2272 639 2349 nulla,
663 2271 731 2331 nihil
752 2271 874 2350 denique
896 2282 1010 2350 praeter
1024 2274 1105 2349 inge-

56 2357 175 2418 btnium
190 2357 332 2424 insanum;
349 2365 379 2415 et
394 2365 485 2415 tamen
497 2375 533 2432 eo
547 2357 710 2435 inpudentia
724 2358 846 2435 ipsoque
862 2356 910 2415 illo
926 2355 1023 2415 lurore
1038 2374 1105 2434 per·

97 2441 178 2500 venit
199 2448 229 2499 ut
247 2448 342 2499 orator
366 2439 512 2500 habeatur.
543 2438 641 2521 ltaque
659 2440 817 2500 Herennius
836 2441 961 2500 Senecio
983 2441 1127 2503 mirificet
1189 2496 1191 2502 s

100 2520 217 2584 Catonis
232 2522 303 2583 illud
323 2522 360 2583 ‹le
381 2532 493 2584 oratore
513 2526 541 2584 in
556 2525 661 2585 bunce
679 2525 820 2584 contrario
834 2526 920 2585 vertit
936 2530 1044 2582 ‘orator
1058 2534 1104 2584 est

97 2609 143 2667 uir
159 2606 249 2668 malus
264 2606 377 2667 dicendi
395 2609 565 2686 imperitus!
599 2609 664 2670 Non
677 2627 722 2668 me
738 2606 862 2668 Hercule
879 2606 950 2668 Gato
967 2609 1030 2686 ipse
1049 2616 1104 2666 tam

98 2691 175 2752 bene
191 2708 290 2750 verum
306 2700 447 2750 oratorem
466 2711 548 2771 ᾳιιιιιι
564 2692 611 2753 lric
626 2691 768 2770 Regulum
790 2695 940 2771 expressit.
971 2689 1131 2753 Habesneli

56 2786 158 2854 30quo
174 2774 223 2835 tali
236 2774 377 2854 epistulae
394 2794 492 2854 parem
506 2779 623 2854 gratiam
637 2773 767 2836 relerasl
787 2774 892 2852 habes,
910 2777 933 2835 si
952 2774 1103 2851 scripseris

99 2876 166 2918 num
180 2857 283 2936 aliquis
296 2860 325 2917 in
337 2861 492 2938 municipio
506 2871 605 2921 vestro
621 2879 659 2919 ex
673 2858 819 2920 sodalibus
834 2861 923 2933 meis,
940 2874 1005 2914 num
1021 2856 1104 2914 etiam
1163 2927 1167 2935 ἢ

98 2944 164 3021 ipse
179 2951 210 3001 tu
226 2943 301 3001 hunc
315 2941 477 3004 luctuosum
492 2943 597 3022 lleguli
612 2943 713 3002 librum
728 2951 758 3001 ut
774 2940 926 3001 circulator
941 2941 969 2998 in
983 2940 1047 2998 loro
1062 2937 1104 2998 le·

98 3028 191 3104 geris,
209 3018 335 3106 ἐπάρας
346 3027 471 3106 seilicet,
488 3037 520 3087 ut
536 3029 575 3087 ait
589 3026 817 3101 Demosthenes,
832 3015 894 3103 τὴν
911 3015 1031 3102 φωνὴν
1049 3016 1105 3082 καὶ

98 3100 257 3189 γεγηθώς
274 3105 329 3170 καὶ
349 3110 567 3190 λαρυγγίζων.
600 3111 654 3172 Est
672 3111 745 3169 enim
766 3119 820 3169 tam
835 3110 947 3186 ineptus
965 3116 995 3167 ut
1015 3108 1128 3167 risum?

57 3196 192 3273 otmagis
208 3194 303 3273 possit
319 3197 479 3274 exprimere
497 3212 579 3274 quam
600 3196 750 3273 gemitum:
776 3192 876 3253 credas
892 3209 950 3251 non
964 3191 1000 3252 de
1014 3205 1105 3270 puero

99 3281 239 3358 scriptum
254 3277 307 3337 sed
325 3297 341 3338 ι
356 3296 456 3358 puero.
488 3278 569 3338 Vale.
