2400 3840
112 188 173 253 278
537 187 570 250 0.
591 186 685 252 Pallii

111 342 246 401 absentes
261 342 289 399 in
305 340 428 401 oonsilio
444 340 539 401 babet.
563 340 659 401 'lertio
675 339 808 400 consules
822 340 892 400 lecit
903 356 975 419 quos
991 356 1046 400 uos
1058 340 1116 401 ele·

111 426 233 502 geratis,
256 433 285 484 et
299 424 371 485 lecit
386 426 441 485 boo
457 422 554 485 ordine
571 441 627 503 quo
643 423 729 484 electi
744 442 760 483 a
780 423 863 491 vobis
878 431 967 484 erant.
995 423 1114 502 Magnus

111 510 209 586 utique
224 507 315 569 bonor
327 519 443 586 vester,
460 511 522 568 sive
537 508 654 568 eosdem
667 509 784 567 maxime
796 506 887 584 diligit
905 523 977 587 quos
994 509 1052 568 seit
1066 524 1115 567 vo·

112 593 155 652 bis
176 609 244 653 esse
265 595 442 670 carissimos,
458 593 519 652 sive
534 591 591 651 illis
605 592 745 651 neminem
758 591 901 669 praefert,
923 593 1051 669 quamvis
1066 591 1114 651 ali-

111 693 196 755 quem
211 678 302 754 magis
314 686 403 737 amet:
428 677 574 754 proposita
586 685 650 734 sunt
665 674 825 734 senioribus
841 677 983 752 praemia,
1006 677 1136 736 invenit

111 760 164 820 bus
180 760 324 839 exempla:
346 759 461 837 adeant,
482 760 663 839 frequentent
677 776 794 832 securas
809 759 920 818 tandem
933 776 967 817 ac
983 768 1112 837 patentes

111 842 228 905 domos:
254 844 382 924 quisquis
397 844 532 922 probatos
549 845 658 903 senatui
672 844 750 901 viros
767 843 904 920 suspicit,
932 842 979 901 bio
994 843 1112 902 maxime

111 929 268 1006 prinoipem
280 936 467 1006 promeretur.
488 927 549 989 Sibi
560 928 634 988 enim
647 925 819 986 adcrescere
832 934 911 1002 putat
920 925 1112 1006 quodveuique

110 1010 284 1087 adstruatur,
300 1010 461 1088 nullamque
474 1012 502 1070 in
514 1028 550 1071 eo
563 1010 681 1087 gloriam
692 1010 772 1089 ponit
784 1008 860 1087 quod
870 1011 906 1068 sit
916 1010 1046 1069 omnibus
1057 1017 1112 1068 ma-'

110 1094 170 1170 ior,
186 1095 238 1151 nisi
255 1095 366 1152 maximi
379 1093 483 1153 luerint
498 1095 602 1171 quibus
615 1095 704 1153 maior
718 1101 773 1154 est.
803 1091 918 1170 Persta,
939 1091 1062 1169 Caesar,
1085 1095 1150 1155 inlb

109 1176 164 1234 ista
179 1177 286 1235 ratione
303 1177 456 1255 propositi,
472 1175 602 1255 talesque
613 1194 666 1237 nos
683 1176 769 1236 crede
785 1174 875 1255 qualis
891 1175 962 1236 lama
972 1176 1113 1254 cuiusque

110 1266 164 1318 est.
179 1258 251 1320 lluic
264 1278 358 1339 aures,
370 1259 436 1320 huic
448 1259 548 1320 oculos
560 1260 687 1321 intende:
699 1279 735 1320 ne
748 1261 911 1337 respexeris
923 1259 1112 1320 clandestinas

110 1344 330 1405 existimationes
350 1343 493 1423 nullisque
504 1345 594 1422 magis
607 1360 689 1422 quam
699 1342 875 1403 audientibus
887 1341 1052 1403 insidiantes
1065 1362 1111 1404 su·

109 1444 217 1488 surros.
226 1427 330 1488 lielius
338 1429 466 1490 omnibus
474 1445 557 1508 quam
563 1426 681 1505 singulis
690 1426 823 1487 ereditur.
834 1425 945 1503 Singuli
953 1429 1028 1491 enim
1035 1427 1122 1498 deci·¹

110 1528 180 1589 pere
189 1521 218 1571 et
227 1511 552 1591 decipipossuntznemo
563 1529 671 1587 omnes,
680 1513 818 1571 neminem
827 1511 925 1570 omnes
933 1509 1107 1571 fefellerunt.
1120 1520 1149 1572 15

57 1599 98 1663 63
173 1594 315 1656 Revertor
335 1598 389 1656 iam
407 1595 443 1656 ad
459 1595 634 1657 consulatum
653 1604 745 1671 tuum,
772 1595 828 1655 etsi
844 1603 907 1654 sunt
925 1593 1063 1672 quaedam
1077 1593 1111 1654 ad

111 1677 287 1738 consulatum
303 1679 416 1757 quidem
426 1681 611 1757 pertinentia,
629 1687 692 1738 ante
702 1676 878 1737 consulatum
889 1686 998 1746 tamen;
1014 1679 1042 1736 in
1054 1679 1110 1756 pri·

108 1762 161 1818 mis
184 1761 260 1838 quod
287 1764 408 1821 comitiis
428 1763 485 1823 tuis
507 1762 658 1822 interluisti
678 1759 841 1823 candidatus
862 1778 918 1820 non
944 1760 1109 1821 consulatus

107 1852 214 1903 tantum
228 1841 280 1902 sed
294 1844 496 1905 inmortalitatis
513 1854 543 1904 et
556 1845 665 1922 gloriae
680 1852 710 1904 et
724 1844 848 1922 exempli
863 1842 939 1923 quod
952 1862 1110 1920 sequeren-

108 1936 152 1986 tur
168 1928 313 2006 principes
327 1928 410 2006 boni,
426 1928 491 1989 mali
502 1930 675 1989 mirarentur.
697 1927 773 1987 Vidit
789 1936 818 1987 te
830 1927 952 2006 populus
962 1926 1151 1990 Romanus20

107 2012 135 2070 in
151 2010 199 2071 illa
214 2020 314 2072 vetere
331 2015 482 2091 potestatis
500 2031 568 2073 suae
584 2012 671 2073 sede:
685 2029 843 2089 perpessus
862 2030 894 2070 es
906 2010 1024 2088 longum
1039 2011 1110 2072 illud

109 2113 222 2156 carmen
236 2096 412 2155 comitiorum
425 2115 480 2157 nec
494 2097 548 2156 iam
562 2094 733 2155 inridendam
746 2111 868 2172 moram,
892 2093 1051 2173 consulque
1066 2097 1109 2155 sic

107 2179 199 2238 lactus
213 2198 245 2239 es
260 2189 291 2239 ut
305 2199 376 2241 unus
393 2199 429 2239 ex
442 2181 544 2257 nobis,
561 2196 633 2259 quos
652 2178 722 2238 lacis
740 2177 885 2238 consules.
908 2177 1020 2252 Quotus
1032 2180 1109 2257 quis·

108 2280 163 2341 que
179 2263 336 2342 principum
350 2264 578 2324 antecedentium
589 2263 724 2323 honorem
735 2263 818 2321 istum
832 2270 879 2321 aut
892 2261 1050 2322 consulatui
1061 2263 1109 2322 ha·

106 2346 165 2406 buit
180 2354 227 2405 aut
243 2344 375 2425 populo?¹
391 2345 461 2408 Nam
476 2346 523 2407 alii
534 2345 648 2411 marcidi
659 2362 759 2405 somno
775 2345 965 2424 bestemaquc
977 2364 1048 2405 cena
1062 2353 1149 2415 ¹reio

107 2428 262 2488 dundantes
280 2431 455 2489 comitiorum
467 2448 581 2492 suorum
595 2432 707 2490 nuntios
723 2426 962 2508 opperiebantur,
978 2429 1025 2489 alii
1039 2447 1108 2490 sane

107 2509 264 2586 pervigiles
280 2521 309 2570 et
329 2513 488 2590 insomnes,
509 2513 561 2571 sed
575 2515 646 2573 intra
662 2512 765 2575 cubilia
780 2530 831 2572 sua
845 2511 900 2572 illis
916 2514 990 2591 ipsis
1005 2530 1107 2573 oonsu-

106 2593 182 2654 libus
193 2611 208 2652 a
221 2594 322 2671 quibus
338 2593 473 2654 consules
485 2597 713 2656 renuntiabantur
724 2595 809 2655 exilia
824 2604 852 2655 et
870 2597 988 2657 caedem
1002 2595 1107 2657 machi·

106 2678 250 2738 nabantur.
275 2676 396 2756 Opmua
411 2686 441 2738 et
453 2678 541 2738 inscia
554 2696 640 2739 verae
654 2681 807 2740 maiestatis
822 2680 954 2758 ambitio,
971 2682 1107 2759 concupi·

106 2781 190 2823 scere
204 2762 343 2826 honorem
358 2780 441 2841 quem
457 2759 636 2841 dedigneris,
653 2761 798 2840 dedignari
814 2780 897 2842 quem
913 2766 1147 2844 concupieris,3b

107 2864 227 2925 eumque
243 2866 280 2907 ex
292 2848 427 2925 proximis
438 2846 527 2906 hortis
542 2859 670 2926 campum
681 2856 716 2906 ‘et
732 2848 843 2907 comitia
859 2857 1047 2926 prospectes,
1064 2849 1107 2906 sic

106 2930 211 2990 abillis
227 2931 347 3008 abesse,
371 2938 509 3010 tamquam
520 2930 652 2991 Danubio
667 2930 826 3009 Rhenoque
843 2929 987 2991 dirimere!
1014 2930 1107 2999 Auer-

106 3014 179 3072 seris
194 3022 224 3071 tu
237 3014 338 3083 honori
355 3023 404 3074 tuo
419 3023 533 3094 sperata
548 3015 697 3092 suffragia,
719 3014 929 3091 renuntiarique
951 3023 979 3074 te
1002 3030 1106 3075 oonsu-

105 3092 163 3151 lem
178 3095 296 3158 iussisse
315 3108 480 3174 contentus,
505 3096 613 3158 liberae
627 3099 748 3158 civitatis
768 3117 804 3157 ne
824 3097 1030 3160 simulationem
1045 3098 1106 3176 qui·

107 3175 170 3235 dem
185 3177 306 3239 serves?
335 3182 476 3242 abstineas
492 3179 614 3259 denique
632 3183 771 3258 comitiis,
792 3181 939 3242 abstrusus
955 3190 1041 3260 atque
1055 3181 1146 3244 tab-35

105 3259 196 3337 ditus,
214 3263 293 3340 quasi
308 3262 366 3322 illic
379 3266 430 3326 tibi
445 3281 509 3326 non·
519 3263 681 3324 consulatus
696 3264 794 3342 detur,
817 3264 869 3326 sed
886 3265 1041 3344 abrogetur
1055 3266 1105 3324 im·

106 3342 236 3419 perium?
264 3344 341 3405 Haec
357 3350 504 3425 persuasio
519 3348 730 3427 superbissimis
745 3348 863 3411 dominis
879 3359 938 3409 erat
949 3359 980 3408 ut
995 3348 1049 3408 sibi
1063 3349 1105 3408 vi·

68 3422 241 3625 *entur
259 3429 404 3509 principes
426 3451 497 3493 esse·
512 3431 662 3511 desinere,
687 3432 712 3493 si
733 3432 801 3512 quid
820 3432 948 3495 facerent
965 3441 1105 3510 tamquam
