2400 3848
84 144 128 208 92
511 137 661 201 cram

87 299 127 358 dit
141 295 229 355 multo
243 304 308 354 aute
324 296 494 371 praesensit.
523 293 610 352 Visus
629 299 675 351 est
692 289 746 350 sibi
761 304 816 364 per
832 296 1005 347 nocturnam
1019 284 1089 364 quie·

85 391 144 441 tem
157 382 254 438 iacere
271 381 300 438 in
312 377 422 437 lectulo
436 396 490 438 suo
506 377 682 455 compositus
697 375 726 431 in
746 371 845 430 habitu
865 370 1026 445 studentis,
1048 367 1089 426 ha·

87 465 159 524 bere
175 472 240 522 ante
263 481 295 523 se
316 463 451 522 scrinium
470 463 525 539 (ita
544 459 686 535 solebat):
709 473 778 515 mox
796 457 969 532 imaginatus
985 460 1031 514 est
1044 469 1090 510 ve·

86 548 166 606 nisse
181 543 343 622 Neronem,
357 547 386 604 iu
400 555 465 605 toro
479 543 643 619 resedisse,
661 540 840 619 prompsisse
854 540 978 617 primum
995 535 1090 596 librum

88 647 173 709 quem
185 629 221 689 de
237 628 398 690 sceleribus
412 631 475 689 eius
490 626 617 689 ediderat
631 642 753 703 eumque
772 620 809 681 ad
825 630 988 682 amomum
1001 615 1109 682 retal-5

62 715 178 789 arose,
192 712 267 773 idem
282 715 312 773 in
326 712 456 774 secundo
468 730 504 772 ac
517 712 602 771 tertio
615 709 736 784 iecisse,
753 715 820 765 tunc
834 704 945 766 abisse.
974 702 1091 782 Expavit

89 806 120 858 et
131 798 173 857 sic
187 799 389 876 interpretatus
403 805 465 870 est,
485 804 625 873 tamquam
637 793 714 852 idem
730 790 785 850 sibi
801 788 914 850 iuturus
928 797 1011 848 esset
1025 787 1090 848 scri·

63 878 175 942 'lbendi
192 883 255 942 linis
270 883 318 958 qui
332 879 434 939 iuism
450 877 492 937 illi
506 877 640 955 legendi,
661 886 691 936 et
707 875 759 934 fuit
773 872 858 933 idem.
885 869 974 945 Quod
986 888 1034 930 me
1049 887 1090 930 ra

90 964 252 1024 cordantem
273 964 416 1024 miseratio
438 961 513 1021 subit
534 969 667 1039 quantum
681 958 850 1036 vigiliarum,
866 965 1004 1035 quantum
1016 952 1091 1014 labo·

89 1051 128 1106 ris
143 1047 307 1106 exhauserit
323 1045 437 1105 irustra.
465 1043 624 1104 Occursant
637 1045 730 1103 aniruo
748 1059 811 1101 mea
831 1038 1007 1116 mortalitas,
1033 1047 1121 1100 mealt

89 1130 205 1207 scripta.
236 1125 301 1188 Nec
315 1127 412 1190 dubito
428 1137 457 1188 te
474 1145 588 1206 quoque
607 1126 707 1187 eadem
727 1125 902 1203 cogitatione
919 1123 1023 1183 terreri
1042 1137 1091 1200 pro

64 1213 151 1275 sistis
177 1230 249 1289 quae
274 1213 348 1271 inter
371 1230 469 1271 manus
493 1211 592 1272 habes.
623 1208 761 1287 Proinde,
789 1208 854 1267 dum
876 1208 1007 1286 suppetit
1026 1207 1091 1281 rita,

92 1296 228 1355 enitamur
241 1305 271 1356 ut
288 1313 364 1357 mors
380 1313 463 1376 quam
483 1296 653 1375 paucissima
672 1311 745 1371 quae
762 1291 881 1352 abolere
903 1292 998 1370 possit
1016 1291 1090 1349 inve-

91 1381 156 1440 niat.
185 1379 267 1441 Vale.

566 1510 607 1570 w
1099 1461 1165 1529 ra,

259 1610 287 1662 G.
306 1608 430 1660 PLINIUS
448 1608 585 1659 DOMITIO
601 1607 798 1660 APOLLINARI
816 1604 877 1657 SUO
897 1606 924 1656 S.

68 1722 82 1772 1
153 1709 252 1768 Amavi
267 1726 362 1768 curam
377 1718 407 1768 et
425 1707 644 1770 sollicitudinem
659 1720 752 1787 tuam,
775 1708 867 1787 quod,
890 1727 954 1767 cum
965 1707 1092 1768 audisses

93 1808 139 1851 me
150 1800 260 1851 aestate
277 1790 388 1852 Tuscos
405 1809 485 1852 meos
502 1794 671 1871 petiturum,
687 1812 723 1853 ne
739 1792 864 1853 facerem
880 1793 1014 1869 suasisti,
1031 1791 1092 1850 dom

65 1883 172 1952 aputas
191 1873 360 1936 insalubres.
388 1873 442 1936 Est
462 1893 530 1935 saue
550 1877 645 1953 gravis
669 1886 699 1936 et
713 1876 853 1955 pestilens
869 1891 918 1935 ora
935 1873 1128 1936 Tuscorumio

94 1975 166 2038 quae
175 1976 240 2038 per
258 1958 325 2021 litus
346 1960 520 2021 extenditur:
543 1959 598 2019 sed
617 1959 646 2018 hi
660 1960 762 2038 procul
783 1959 881 2018 amari
895 1965 1092 2034 recesserunt,

66 2045 159 2122 oquin
176 2044 260 2104 etiam
273 2044 462 2123 Appennino,
482 2043 667 2105 saluberrimo
681 2045 830 2118 montium,
845 2042 1005 2102 subiacent.
1038 2040 1093 2101 hd-

94 2145 149 2205 que
160 2127 233 2189 adeo
249 2137 280 2188 ut
291 2146 402 2189 omnem
419 2146 472 2207 pro
492 2146 539 2188 me
555 2137 659 2188 metum
673 2145 781 2205 ponas,
803 2127 905 2204 accipe
923 2127 1094 2203 temperiem

94 2210 184 2285 caeli,
203 2213 330 2287 regionis
345 2213 446 2286 situm,
468 2210 553 2269 villae
567 2213 780 2279 amoenitatem
801 2227 874 2287 quae
889 2219 919 2268 et
931 2209 1094 2269 tibi·auditu

67 2300 124 2353 tet
137 2292 204 2349 mihi
217 2292 309 2352 relatu
319 2291 440 2352 iucunda
450 2300 540 2353 erunt.
563 2290 681 2352 Caelum
695 2304 741 2355 est
754 2293 847 2354 hieme
859 2292 992 2370 frigidum
1003 2302 1034 2353 et
1045 2288 1130 2370 ge·l5

94 2371 196 2440 lidum;
219 2383 326 2448 myrtos
344 2373 442 2451 oleas,
464 2393 595 2453 quaeque
615 2375 669 2435 alia
689 2376 806 2437 adsiduo
827 2384 930 2455 tepore
945 2376 1094 2450 lactantur,

93 2464 259 2531 aspernatur
273 2473 308 2515 ao
326 2459 452 2534 respuit;
474 2457 582 2517 laurum
598 2468 690 2519 tamen
709 2463 814 2539 patitur
825 2468 913 2538 atque
930 2463 1016 2520 etiam
1033 2460 1095 2519 niti-

94 2537 235 2598 dissimam
252 2539 379 2617 profert,
400 2540 558 2617 interdum,
582 2541 634 2601 sed
654 2558 711 2603 non
730 2545 845 2622 saepius
860 2559 944 2623 quam
957 2543 1013 2603 sub
1026 2544 1097 2621 urbe

67 2631 188 2685 anostra
206 2631 301 2684 necat.
327 2623 453 2686 Aestatis
467 2626 536 2684 mira
554 2623 717 2686 clementia:
735 2645 850 2706 semper
865 2634 916 2697 aer
930 2629 1032 2706 spiritu
1047 2626 1095 2686 ali·

93 2725 150 2785 quo
171 2715 315 2778 moretur3
343 2708 520 2788 frequentius
541 2717 634 2769 amen
655 2727 737 2771 auras
764 2729 846 2790 quam
870 2720 974 2771 ventos
999 2711 1135 2772 habetati

67 2789 165 2851 illinc
186 2811 272 2854 senes
291 2792 385 2853 multi:
409 2792 508 2855 rideas
528 2810 597 2854 aros
612 2810 794 2873 proavosque
808 2795 861 2854 iam
876 2795 1027 2871 iuvenum,
1047 2812 1096 2853 au·

93 2870 152 2932 dias
160 2873 269 2937 fabulas
274 2887 604 2956 reteressermonesque
611 2879 757 2955 maiorum,
772 2894 895 2955 cumque
905 2879 1021 2938 renems
1033 2877 1096 2955 illo,

68 2961 175 3031 lputes
189 2956 245 3016 alio
261 2967 290 3020 te
305 2960 423 3022 saeculo
437 2970 540 3021 natum.
561 2960 699 3038 Regionis
711 2961 800 3020 forma
811 2959 1011 3040 pulcherrima.
1024 2959 1097 3020 lma·

93 3039 191 3115 ginara
206 3042 439 3118 amphitheatrum
456 3043 571 3122 aliquod
585 3045 742 3105 inmensum
760 3053 790 3104 et
809 3042 895 3122 quale
917 3043 980 3105 sola
1000 3061 1099 3104 rorum

93 3129 190 3183 natura
207 3126 301 3199 possit
320 3126 474 3204 effingere:
495 3126 551 3187 lata
571 3136 603 3185 et
617 3126 718 3188 diffusa
730 3127 863 3205 planities
878 3128 1020 3188 montibus
1035 3130 1096 3188 cin·
1106 3136 1139 3190 35

93 3207 184 3283 gitur,
201 3215 312 3267 montes
329 3227 435 3270 summa
450 3211 493 3271 sui
508 3218 589 3287 parte
604 3225 725 3286 procera
737 3227 854 3270 nemora
869 3220 898 3270 et
919 3213 1032 3289 antiqua
1047 3211 1098 3271 ha·

67 3288 169 3351 hbent.
188 3287 337 3367 Frequens
351 3291 389 3350 ihi
402 3301 433 3351 ot
447 3295 524 3353 varia
539 3293 661 3352 venatio.
695 3291 766 3352 lnde
783 3293 908 3353 caeduae
924 3293 1015 3354 silvae
1031 3308 1100 3354 cum

93 3373 158 3451 ipso
181 3381 277 3432 monte
299 3372 490 3434 descendunt:
515 3375 567 3436 has
583 3377 658 3434 iuter
678 3377 800 3453 pingues
821 3376 985 3455 terrenique
1001 3377 1099 3439 colles
