2400 3840
369 193 630 257 EPISTULARUM
646 196 721 257 Vltl.
741 207 784 259 ao.
801 207 846 258 21.
1045 195 1105 259 171

91 346 198 424 Saepo
221 344 346 408 minores
365 346 517 407 maioribus
541 345 621 406 velut
643 347 791 409 cumbulae
813 350 950 409 onerariis
971 348 1133 410 adhaere-7

92 438 203 505 scunt,
228 446 316 506 saepe
335 430 409 488 inter
429 449 462 490 se
479 431 600 491 maiores
616 433 797 509 minoresque
817 435 896 509 quasi
913 450 1027 492 cursum
1042 449 1105 492 cer·

93 521 254 590 tamenque
268 511 432 582 desumunt;
447 531 544 574 rursus
560 530 657 575 omnes
673 517 700 573 in
716 514 837 574 eundem
849 515 944 575 locum
956 514 1103 595 adpulsae,

95 614 154 675 qna
171 604 315 655 steterunt
329 605 496 674 promovent
511 607 624 674 terram,
640 607 670 658 et
683 598 766 658 modo
781 597 834 657 hac
848 599 932 659 modo
947 597 996 659 illa
1012 598 1104 659 lacum

70 677 225 740 treddunt
244 678 444 758 auferentque;
466 697 501 740 ac
520 689 578 740 tum
598 680 727 759 demum,
751 700 814 741 cum
831 681 952 742 medium
972 692 1103 759 tenuere,

94 780 154 822 non
174 761 352 823 contrahunt·
381 760 498 823 Constat
516 782 623 843 pecora
644 764 748 825 herbas
768 774 868 825 secuta
888 767 978 827 sicin
998 764 1131 826 insulasss

95 845 165 905 illas
179 853 211 904 ut
231 847 260 904 in
276 856 428 907 extremam
442 849 531 925 ripam
551 849 712 927 procedere
730 846 826 908 solere
847 867 902 909 nec
923 851 1001 928 prius
1021 846 1104 908 intel-

95 929 203 1006 legere
218 928 324 990 mobile
341 928 449 1007 solum,
466 948 549 1009 quam
563 931 638 991 litori
652 933 769 1010 abrepta
787 933 867 1010 quasi
882 931 967 992 inlata
980 941 1009 992 et
1022 933 1104 1009 inpo-

96 1013 152 1073 sita
169 1012 371 1072 circumfusum
382 1013 505 1092 undique
520 1013 612 1074 lacum
627 1023 761 1095 paveant;
773 1033 839 1075 mox
851 1032 908 1095 quo
923 1015 1020 1075 tulerit
1035 1033 1103 1075 vcn-

57 1107 90 1161 10
97 1105 144 1157 tus
158 1113 291 1174 egressa,
305 1114 360 1156 non
375 1098 464 1175 magis
480 1116 512 1157 se
527 1097 713 1160 descendisse
729 1099 847 1176 sentire,
863 1116 945 1177 quam
961 1099 1103 1159 senserint

92 1179 280 1244 escendisse.
309 1179 387 1240 Idem
402 1181 481 1241 lacus
496 1180 641 1243 indumen
658 1185 800 1261 egeritur,
817 1182 908 1262 quod,
924 1183 972 1242 ubi
987 1202 1019 1242 se
1034 1187 1130 1261 pau-9

96 1263 193 1342 lisper
207 1261 300 1323 oculis
316 1263 403 1341 dedit,
422 1281 512 1342 specu
527 1267 663 1342 mergitur
678 1266 794 1344 alteque
810 1265 953 1326 conditum
967 1275 1052 1342 meat,
1068 1282 1101 1325 ac

97 1349 123 1405 si
139 1346 225 1426 qnid,
248 1355 396 1424 antequam
417 1346 638 1425 subduceretur,
664 1351 795 1427 accepit,
821 1359 917 1410 servat
936 1359 966 1409 et
982 1348 1101 1428 profert.

97 1428 181 1490 Haeo
196 1430 247 1491 tibi
263 1430 382 1508 scripsi,
403 1432 467 1507 quia
486 1448 541 1490 nec
555 1432 645 1492 minus
661 1434 758 1509 ignota
769 1450 851 1510 quam
863 1432 929 1490 mihi
944 1451 999 1492 nec
1010 1433 1101 1490 minus
1112 1438 1145 1492 10

17 1540 25 1547 ·
57 1527 90 1581 15
98 1522 182 1591 mata
194 1512 356 1574 credebam.
377 1512 447 1573 Nam
462 1521 491 1573 te
508 1532 639 1593 quoque,
657 1525 687 1575 ut
705 1533 766 1592 me,
783 1516 851 1574 nibil
866 1534 958 1594 aeque
973 1533 1007 1574 ac
1025 1521 1102 1573 natu·

98 1615 150 1658 rae
163 1613 252 1674 opera
264 1596 414 1657 delectant.
444 1596 524 1658 Vale.

562 1729 639 1790 xxi.

377 1827 403 1878 c.
423 1827 549 1879 strutus
566 1829 709 1880 samaro
728 1831 788 1881 suc
808 1830 834 1881 s.

58 1937 93 1990 10
166 1926 252 1988 Utin
273 1929 329 1989 rita
351 1931 393 1989 sic
415 1931 443 1989 in
465 1930 564 1990 studiis
585 1930 804 2010 pulcherrimum
825 1941 855 1991 et
875 1931 1126 1991 humanissimuml

100 2013 233 2073 existimo
252 2015 432 2073 severitatem
448 2016 664 2092 comitatemque
685 2017 824 2091 miscere,
845 2032 881 2074 ue
900 2013 948 2074 illa
969 2015 997 2073 in
1017 2015 1102 2073 tristi-

100 2098 185 2174 tiam,
207 2094 280 2154 haec
298 2098 325 2155 in
347 2095 527 2174 petulantiam
545 2096 674 2158 excedat.
707 2096 768 2170 Qua
778 2099 887 2157 ratione
904 2097 1021 2172 ductus,
1038 2106 1127 2173 gra-2

99 2181 182 2239 viora
205 2196 293 2258 opera
315 2179 424 2241 lusibus
445 2182 575 2258 iocisque
595 2180 747 2258 distinguo.
779 2180 824 2240 Ad
843 2180 896 2240 bos
912 2179 1100 2259 proferendos

101 2272 132 2324 et
155 2272 267 2340 tempus
284 2272 313 2323 st
332 2261 428 2324 locum
449 2266 715 2343 opportunissimum
735 2263 828 2343 elegi;
855 2273 942 2341 utque
959 2263 1013 2322 iam
1027 2281 1101 2322 nunc

57 2346 307 2407 25adsuescerent
328 2357 357 2406 et
368 2348 402 2408 ab
426 2349 524 2409 otiosis
540 2356 570 2408 et
584 2349 612 2407 in
631 2348 753 2408 triclinio
771 2347 876 2425 audiri,
898 2346 969 2406 lulio
990 2365 1100 2424 mense,

101 2447 160 2509 quo
171 2430 290 2490 maxime
306 2431 371 2494 lites
386 2431 627 2510 interquiescunt,
654 2433 755 2511 positis
770 2441 835 2493 ante
850 2431 943 2492 lectos
959 2430 1100 2491 cathedris

100 2515 209 2574 amicos
223 2513 372 2575 collocari.
395 2514 481 2576 Forte
496 2516 599 2576 accidit
617 2525 648 2575 ut
666 2516 768 2576 eodem
783 2516 828 2576 die
842 2533 922 2576 mane
937 2517 965 2574 in
980 2515 1127 2575 advoca-3

102 2599 209 2656 tionem
230 2598 350 2658 subitam
369 2616 503 2675 rogarer,
525 2600 601 2678 quod
617 2601 683 2660 mihi
699 2618 811 2661 causam
828 2598 1034 2679 praeloquendi
1052 2597 1101 2657 de·

102 2679 153 2740 dit.
182 2681 249 2738 Sum
265 2683 338 2741 enim
359 2681 529 2759 deprecatus
545 2703 581 2743 ne
598 2687 661 2762 quis
678 2694 708 2743 ut
721 2685 930 2744 inreverentem
946 2683 1042 2759 operis
1058 2699 1101 2740 ar-

57 2773 218 2841 coqueret,
232 2764 307 2843 quod
317 2768 498 2843 recitaturus,
515 2785 679 2844 quamquam
695 2778 723 2827 et
735 2767 831 2827 amicis
846 2776 875 2826 et
889 2766 998 2845 paucis,
1015 2762 1042 2821 id
1058 2772 1102 2822 est

100 2850 205 2908 iterum
217 2849 332 2926 amicis,
345 2848 408 2909 ioro
423 2859 453 2909 et
465 2851 590 2927 negotiis
601 2868 657 2909 non
669 2850 878 2910 abstinuissem.
908 2846 1011 2906 Addidi
1027 2845 1102 2906 hunc

101 2931 231 2993 ordinem
252 2950 297 2992 me
320 2933 349 2992 in
371 2933 522 2993 scribendo
540 2934 622 3010 sequi
642 2943 673 2993 ut
693 2935 881 2993 necessitates
897 2929 1100 3009 voluptatibus,

101 3016 178 3076 seria
192 3015 321 3076 iucundis
334 3015 521 3092 anteferrem,
538 3035 572 3075 ac
585 3018 703 3095 primum
717 3016 826 3093 amicis,
842 3023 899 3073 tum
913 3013 979 3073 mibi
993 3014 1101 3074 scribe·

100 3117 173 3160 rem.
195 3096 281 3158 Liber
295 3098 347 3158 fuit
363 3108 391 3159 et
407 3098 553 3178 opusculis
564 3100 657 3159 varius
672 3111 702 3161 et
715 3099 821 3161 metris.
844 3097 885 3157 lta
901 3097 1038 3175 solemus,
1054 3097 1128 3176 quil

56 3183 216 3261 asingenio
232 3200 328 3261 parum
349 3183 473 3261 ludimus,
495 3185 630 3244 satietatis
652 3182 808 3260 periculum
830 3182 939 3259 ingere.
971 3181 1100 3242 Recitavi

100 3266 203 3328 biduo:
223 3265 280 3326 boc
292 3265 431 3327 adsensus
446 3266 614 3327 audientium
630 3268 740 3343 exegit:
757 3276 787 3326 et
801 3275 893 3326 tamen
907 3275 937 3324 ut
952 3264 998 3326 alii
1012 3273 1101 3324 trans·

100 3360 170 3413 cunt
186 3349 324 3428 quaedam
342 3351 525 3429 imputantque
541 3350 616 3429 quod
631 3360 788 3426 transeant,
813 3351 855 3410 sic
870 3367 926 3427 ego
938 3346 1005 3407 nibil
1020 3365 1101 3426 prae-

99 3445 185 3497 tereo
202 3431 295 3511 adque
310 3435 394 3493 etiam
409 3450 465 3494 non
480 3437 637 3514 praeterire
650 3451 697 3494 mc
712 3433 792 3497 dicu.
817 3433 904 3512 bego
917 3433 998 3491 enirm
1008 3430 1122 3487 omma,
